2809 4817
336 384 537 447 LIBER
577 384 641 447 IX.
681 391 804 451 mdo·
983 406 1041 474 naq

83 528 143 591 His
156 546 256 591 amor
266 546 352 589 unus
365 537 450 608 erat,
465 514 652 610 pariterque
667 527 702 590 in
719 531 806 591 bella
823 532 980 612 ruebant3
1018 511 1020 517 f
1044 559 1048 566 ·

84 638 172 699 Tum
183 654 319 715 quoque
333 632 502 696 communi
512 648 641 715 portam
653 634 791 697 statione
807 640 970 701 tenebant.
1063 684 1080 724 ,

85 741 182 805 Nisus
197 741 263 803 ait:
276 732 363 804 Dine
375 742 465 802 hune
478 741 630 801 ardorem
644 740 809 803 mentibus
821 744 962 825 addunt,

86 844 255 928 Euryale?
275 862 319 905 an
334 864 392 905 sua
408 842 527 923 cuique
541 846 628 905 Deus
640 841 677 904 fit
696 841 768 904 dira
781 844 924 925 cupido?

86 948 1044 1040 Autpugnam,autaliquidiamduduminvaderemagnum

87 1064 182 1123 Mens
194 1057 296 1145 agitat
312 1055 409 1131 mihi;
428 1075 488 1117 neo
502 1055 633 1137 placida
650 1064 804 1149 contenta
823 1056 934 1136 quiete
947 1070 1005 1123 est.

89 1160 220 1241 Cernis,
239 1178 324 1240 quae
336 1159 475 1221 Rutulos
488 1161 607 1221 habeat
623 1156 744 1220 fiducia
756 1179 878 1222 rerum.

88 1264 230 1329 Lumina
242 1282 318 1325 rara
334 1262 475 1323 micant:
489 1280 605 1324 somno
618 1260 763 1341 vinoque
775 1263 896 1345 sepulti

89 1370 315 1431 Psocuhuere:
334 1365 431 1429 silent
443 1366 508 1427 late
525 1364 608 1427 loca.
628 1364 766 1447 Perfipe
784 1387 901 1450 porro,

91 1476 180 1559 Quid
189 1470 1017 1563 dubitem,etquaenunoanimosent'entiasurgat.
1110 1487 1141 1555 j

91 1582 224 1642 Aenean
240 1575 341 1639 acciri
357 1594 485 1655 omnes,
505 1577 716 1658 populusque
731 1589 924 1664 patresque,
1057 1570 1061 1578 ’

91 1687 299 1767 Exposount;
316 1678 465 1760 mittique
477 1680 581 1762 viros,
600 1682 659 1763 qui
675 1694 764 1746 certa
780 1696 971 1768 reportent·

93 1785 124 1847 Si
136 1782 214 1863 tihi,
227 1800 312 1863 quae
322 1800 437 1863 posca,
456 1782 667 1863 promittunt:
686 1806 765 1847 nam
780 1786 865 1849 mihi
879 1789 958 1852 faeti

92 1892 191 1957 Fama
208 1898 258 1953 sat
271 1899 333 1953 est:
348 1890 475 1974 tpmulo
489 1890 606 1954 videor
619 1894 764 1974 reperire
782 1896 844 1957 sub
857 1894 918 1956 illo

94 2000 188 2061 Posse
205 1994 294 2059 viam
313 1998 357 2059 ad
374 2016 487 2059 muros
506 2006 538 2059 et
557 1998 690 2059 moenia
704 2001 883 2064 Pallantea.

95 2090 273 2188 Obstupuit
292 2121 414 2189 magno
434 2106 572 2173 laudum
589 2126 760 2186 percussus
778 2127 891 2171 amore
993 2130 1050 2191 197

81 2212 274 2296 ,Euryalum
294 2210 393 2274 sitnul
413 2208 464 2272 his
484 2211 653 2271 ardentem
671 2210 802 2271 adfatur
813 2209 978 2273 amioumt
1050 2276 1054 2281 ,

95 2320 190 2380 Mene
208 2314 310 2401 igitur
325 2312 454 2377 socium
466 2314 601 2377 summis
618 2313 798 2399 adiungere
816 2315 931 2395 rebus,

95 2420 167 2483 Nise
178 2466 189 2502 ,
200 2418 312 2505 fugis?
329 2419 437 2481 solum
451 2428 482 2479 te
498 2417 533 2479 in
553 2425 643 2479 tanta
658 2414 807 2499 pericula
824 2403 972 2477 mittam?
1012 2468 1015 2472 ,

96 2524 167 2585 Non
178 2521 225 2583 ita
241 2542 294 2583 me
305 2519 451 2607 genitor,
471 2519 566 2586 benis
584 2522 754 2602 adsuetus,
774 2522 934 2603 Opheltes

98 2627 288 2715 Argolicum
310 2636 467 2689 terrorem
481 2626 567 2689 iuter
583 2626 769 2705 Troiaeque
784 2628 914 2688 labores

96 2739 268 2799 Sublatam
282 2731 419 2808 erudiit3
434 2751 494 2795 nec
506 2742 612 2793 tenum
623 2728 701 2791 talia
711 2726 811 2812 gessi,

98 2838 350 2927 Magnanimum
360 2839 493 2900 Aenean
505 2836 613 2919 et'fpta
622 2842 772 2897 extrema
783 2839 922 2895 secutus.

98 2954 149 3015 Est
160 2944 239 3031 hio,
254 2956 303 3011 est
316 2946 446 3011 animus
463 2944 545 3007 lucis
566 2951 766 3021 contemtor,
780 2950 814 3003 et
832 2938 933 3002 istum

98 3056 161 3142 Qui
171 3056 241 3117 vita
254 3056 340 3115 liene
351 3052 462 3113 credat
478 3047 558 3129 emi,
576 3066 642 3126 quo
658 3044 780 3123 tendis,
799 3045 975 3105 honorem,

99 3162 192 3225 Nisus
206 3161 362 3222 adhaec:
382 3154 545 3235 Equidem
565 3155 605 3215 de
623 3163 655 3215 te
672 3152 721 3215 nil
735 3152 799 3212 tale
814 3151 967 3225 verebar,

99 3270 163 3329 Nee
177 3267 246 3343 fas3
264 3262 355 3326 non(
365 3264 415 3325 lta
434 3280 488 3323 me
501 3259 621 3321 referat
641 3256 700 3319 tibi
714 3255 855 3342 magnus
867 3262 1021 3315 ovantem

98 3367 263 3452 Iuppiter,
276 3375 332 3428 aut
345 3356 535 3447 quicunque
548 3358 652 3421 oeulis
664 3361 746 3421 haee
761 3354 900 3437 adspicit
912 3355 1035 3433 aequis.

98 3480 177 3559 Sed,
192 3474 325 3556 siquis,
338 3473 446 3557 (quae
457 3471 560 3533 multa
576 3468 668 3531 vides
682 3464 871 3529 discrimine
888 3463 983 3546 tali,)

24 3564 26 3573 ἶ
100 3578 133 3639 Si
150 3578 225 3659 quis
241 3576 277 3639 in
294 3579 469 3639 adversum
487 3572 610 3655 rapiat,
630 3591 778 3650 casusve,
790 3572 935 3649 Deusve,

99 3686 145 3745 Te
163 3702 333 3766 superesse
346 3682 460 3745 velim:
481 3690 536 3741 tua
558 3676 624 3737 vita
642 3674 775 3760 dignior
790 3684 886 3735 aetas.

24 3814 25 3879 ,
99 3789 158 3872 sit,
173 3787 234 3869 qui
249 3808 303 3853 me
313 3796 445 3871 raptum
457 3803 586 3871 pugna,
601 3781 749 3865 pretiove
762 3782 948 3846 redemtum
