2809 4817
311 390 514 451 urunn
554 392 648 454 xrs:
685 411 718 453 v.
751 398 816 470 us.
986 400 1058 459 an*-

77 531 212 595 Cedere
225 548 277 593 res
288 529 397 609 Latio,
407 532 556 593 Turnum
572 540 604 593 et
619 541 673 593 tua
692 532 822 595 moenia
839 533 920 597 texis

75 637 183 695 Nunc
196 632 350 697 iuuenem
369 632 550 717 imparibus
568 634 666 697 video
683 639 981 723 oonourrerefatis,

77 739 330 815 Parcarumque
346 735 415 799 dies
435 749 466 799 et
482 737 532 801 vis
543 738 678 803 inimica
691 744 902 825 propinquat.

77 846 160 905 Non
177 862 324 929 pugnam
335 841 502 927 adspicere
511 845 599 909 hanc
609 846 729 930 oeulis,
746 868 817 912 non
830 850 965 913 foedera

613 972 757 1033 possum.
845 1007 849 1017 .

80 1054 153 1134 Tu,
172 1071 235 1133 pro
250 1070 409 1137 germano
423 1052 450 1117 si
460 1053 541 1133 quid
555 1056 758 1136 praesentius
771 1060 888 1141 audes,

81 1163 208 1247 Perge:
223 1161 325 1223 deoet.
339 1162 460 1223 Forsan
473 1159 610 1223 miseros
626 1160 764 1225 meliora
780 1175 968 1245 sequentur.
1008 1196 1012 1206 ·

81 1264 149 1329 Vix
166 1285 219 1327 ea:
236 1285 311 1327 oum
325 1263 475 1327 lacrimas
491 1264 596 1327 oeulis
612 1266 749 1329 Iuturna
767 1268 934 1349 profudit,

83 1375 218 1454 Terque
230 1382 410 1453 quaterque
420 1392 520 1433 manu
535 1381 648 1453 pectus
660 1374 818 1455 percussit
830 1378 1015 1439 honestum.

83 1480 162 1540 Non
179 1475 324 1541 lacrimis
341 1478 405 1539 hoc
423 1486 566 1558 tempus,
585 1476 630 1541 ait
644 1478 795 1541 Saturnia
808 1482 914 1545 Iuno:

84 1584 260 1663 Accelera,
282 1591 314 1644 et
324 1582 473 1663 fratrem,
483 1580 516 1643 si
529 1581 602 1662 quis
618 1585 753 1665 modus,
770 1583 861 1667 eripe
871 1584 988 1666 morti;

86 1686 151 1747 Aut
164 1693 199 1745 tu
213 1684 300 1745 bella
313 1680 376 1763 oie,
394 1694 654 1765 conceptumque
668 1688 914 1751 exentefoedus.

86 1790 212 1850 Auctor
223 1806 285 1870 ego
298 1785 452 1853 audendi.
472 1787 524 1851 Sic
539 1792 710 1853 exhortata
722 1790 859 1872 reliquit

85 1892 271 1973 Incertam,
286 1901 317 1955 et
333 1890 416 1957 tristi
430 1894 593 1957 turbatam
609 1897 744 1958 volnere
754 1896 884 1960 mentis.

125 1999 258 2061 Interea
274 2018 383 2084 reges,
401 1998 531 2085 ingenti
541 2003 629 2063 mole
642 2002 778 2064 Latinus

89 2100 297 2189 Quadriiugo
308 2101 439 2164 vehitur
449 2123 563 2182 curru,
583 2103 637 2165 cui
648 2116 796 2187 tempora
808 2103 934 2170 circum
989 2108 1067 2171 162„

89 2205 206 2291 Aurati
220 2205 270 2269 bis
282 2226 338 2269 sen
351 2206 437 2270 radii
453 2206 615 2293 fulgentia
633 2206 784 2293 cingunt,

90 2314 170 2379 Solis
184 2296 241 2377 iv‘i
252 2315 419 2417 specimen
430 2338 438 2378 ι
451 2316 537 2402 bigis
548 2316 573 2380 it
589 2320 722 2384 Turnus
736 2320 885 2400 methis,

89 2420 169 2483 Bina
183 2440 287 2483 manu
302 2424 368 2485 lato
388 2421 532 2505 crispans
547 2422 679 2493 hastilia
699 2424 797 2486 ferro.

90 2526 179 2589 Hinc
194 2534 287 2609 pater
302 2528 442 2610 Aeneas,
458 2530 627 2592 Romanae
637 2530 747 2612 stirpis
762 2530 870 2616 origo,

90 2626 227 2691 Sidereo
247 2629 387 2713 flagrans
405 2629 511 2713 clipeo
531 2642 562 2693 et
577 2631 770 2695 coelestibus
783 2633 900 2714 armis,

91 2733 129 2795 Et
146 2734 243 2797 iuxta
256 2735 428 2816 Ascanius,
443 2756 583 2823 magnae
593 2758 666 2820 spes
677 2739 780 2805 altera
792 2740 933 2820 Romae,

92 2839 279 2911 Procedunt
298 2838 428 2920 castris,
446 2859 597 2922 puraque
611 2840 647 2903 in
660 2850 750 2909 veste
763 2842 914 2905 sacerdos

93 2940 253 3027 saetigeri
270 2943 371 3005 fetum
385 2943 465 3026 suis,
484 2944 715 3028 intonsamque
730 2944 913 3029 bidentem,

74 3024 76 3033 x
94 3046 225 3126 Attulit,
240 3046 450 3125 admovitque
467 3068 565 3128 pecus
585 3048 797 3133 flagrantibus
814 3048 892 3113 aris.

93 3148 145 3211 Illi
163 3150 208 3211 ad
225 3160 414 3237 surgentem
429 3154 578 3219 conversi
592 3156 719 3216 lumina
730 3157 834 3217 solem
893 3196 898 3207 ·

94 3258 183 3321 Dant
201 3260 311 3347 fruges
325 3260 478 3323 manibus
495 3265 610 3344 salsas,
622 3276 652 3325 et
667 3275 815 3347 tempora
829 3265 926 3327 ferro.

94 3364 230 3427 Summa
251 3375 366 3429 notant
382 3367 564 3447 pecudum,
583 3369 769 3450 paterisque
778 3369 895 3431 altaria
909 3368 1025 3434 libant.

95 3466 182 3539 Tum
196 3466 401 3549 piusAeneas
414 3467 525 3531 stricto
538 3469 584 3533 sie
598 3488 675 3533 ense
687 3483 859 3555 precatur:
882 3508 889 3518 -

96 3570 174 3633 Esto
188 3590 279 3633 nuno
287 3570 343 3633 Sol
352 3568 438 3635 testis
451 3582 482 3635 et
493 3575 576 3635 haec
585 3571 668 3635 mihi
681 3576 784 3637 Terra
796 3575 940 3659 voranti,
992 3620 996 3633 .

99 3673 209 3755 Quam
223 3682 358 3757 propter
373 3683 478 3737 tantos
490 3676 585 3757 potui
594 3677 739 3760 perferre
756 3679 902 3761 labores,

97 3780 135 3844 Et
149 3793 246 3867 pater
256 3781 480 3870 omnipotens,
490 3794 523 3863 et
537 3793 573 3849 tu
585 3786 738 3851 Saturnia
747 3786 833 3851 luno
841 3832 852 3871 ‚
866 3854 872 3869 .
