2809 4817
354 335 558 399 LIBER
598 334 721 403 vnn
760 354 793 397 v.
818 336 886 400 182·
1031 340 1090 404 203

107 481 275 551 Vescitur
286 478 428 562 Aeneas,
446 477 546 545 simul
557 486 589 543 et
602 479 748 543 Troiana
763 477 933 561 iuventus}

107 569 278 673 I’erpetui
296 596 390 673 tergo
402 586 498 652 bovis
510 596 542 649 et
556 587 748 651 lustralibus
757 586 851 651 extis.

159 698 343 776 Postquam
355 701 484 758 exemta
493 692 615 776 fames,
630 703 662 757 et
675 712 773 758 emur
783 712 989 778 compressus

585 782 587 785 ⁵
653 794 795 877 edendi,

112 904 198 970 Rex
211 904 385 969 Evandrus
396 903 459 967 aitt
475 900 550 971 Non
561 904 644 973 haec
655 904 829 970 sollemnia
844 904 953 986 nebu,

112 1012 193 1075 Has
204 1031 247 1073 ex
263 1030 356 1073 more
370 1012 595 1093 dapes,'hanc
610 1008 692 1072 tanti
709 1007 856 1072 numinis
871 1028 964 1073 aram

113 1114 218 1182 vana
231 1113 419 1199 superstitio
436 1116 650 1196 veterumque
664 1112 782 1201 quara
800 1115 949 1177 Deorum

113 1218 302 1308 Imposuitr
320 1220 445 1301 saevis,
462 1222 581 1303 hospes
597 1220 761 1301 Troiane,
777 1220 911 1303 periclis

115 1322 252 1389 Servati
266 1322 423 1405 iacimus,
439 1323 639 1403 meritosque
660 1342 821 1386 novamus
833 1325 989 1387 honoros.

114 1432 195 1495 Iam
210 1430 360 1515 primurn
371 1428 458 1497 saxis
469 1450 661 1513 suspensam
678 1431 765 1492 hanc
778 1429 911 1512 adspice
924 1450 1060 1521 rupem:

117 1535 286 1606 Disiectae
299 1534 416 1617 procul
432 1544 470 1597 ut
485 1536 605 1616 moles,
619 1536 815 1615 desertaque
833 1534 957 1598 montis

118 1642 194 1705 stat
204 1640 339 1722 domus,
356 1648 389 1703 et
404 1637 532 1723 scopuli
546 1638 716 1725 ingentem
734 1648 864 1704 traxere
877 1639 1022 1705 ruinam.

119 1734 191 1807 Hic
207 1743 367 1825 spelunca
385 1740 469 1821 fuit,
484 1728 576 1803 vasto
592 1742 747 1805 submota
760 1762 905 1821 recessu;

121 1842 362 1909 semihominis
372 1843 449 1911 Caci
466 1842 566 1909 facies
581 1865 682 1925 quam
698 1843 771 1908 dira
785 1848 936 1929 tenebat,

122 1948 211 2019 Solis
227 1948 428 2017 inaccessam
444 1948 561 2026 radiis3
577 1968 773 2033 semperque
788 1929 933 2015 recenti

122 2058 236 2125 Caede
248 2055 379 2137 tepebat
394 2056 529 2130 humus;
544 2051 737 2135 foribusque
752 2054 862 2119 adfixa
872 2056 1021 2141 superbis
1034 2060 1099 2141 apt*

125 2166 197 2227 Ora
210 2158 322 2227 virum
340 2160 425 2227 tristi
437 2162 628 2245 pendebant
644 2162 770 2245 pallida
788 2167 877 2228 tabo.
975 2148 982 2164 ’

123 2266 214 2337 Huic
225 2280 374 2339 monstro
387 2273 555 2336 Volcanus
569 2279 639 2333 erat
656 2281 772 2353 pater-z,
781 2272 872 2335 illius
890 2282 979 2337 atros

33 2385 37 2398 '
124 2382 195 2445 Ore
211 2400 349 2443 vomens
361 2378 463 2467 ignis,
481 2395 602 2463 magna
615 2396 650 2439 se
666 2378 755 2439 mole
770 2377 906 2442 ferebat.

124 2486 246 2552 Attulit
262 2496 296 2553 et
308 2486 404 2551 nobis
421 2485 602 2567 aliquando
617 2483 809 2569 optantibus
823 2493 912 2548 aetas

124 2592 301 2675 Auxilium
311 2592 556 2673 adventumque
564 2588 637 2656 Dei.
651 2592 734 2652 Nam
747 2608 925 2652 maxumus
938 2589 1042 2672 ultor,

124 2695 320 2788 Tergemini
333 2718 414 2763 nece
426 2700 601 2780 Geryonae
617 2696 798 2793 spoliisque
812 2700 987 2780 superbus,

127 2806 261 2873 Alcides
277 2806 407 2885 aderat,
429 2812 607 2881 taurosque
620 2802 684 2864 hac
703 2799 810 2863 victor
825 2800 946 2886 agebat
989 2797 993 2804 “
1083 2872 1085 2877 ,

126 2913 298 3005 Ingentis3
314 2913 501 2992 vallemque
516 2911 617 2971 boves
632 2928 831 2988 amnemque
846 2910 1012 3004 tenebant.

128 3023 172 3086 At
184 3018 283 3083 furiis
295 3016 373 3081 Caci
390 3035 484 3084 mens
497 3011 615 3095 effera,
630 3035 672 3079 ne
685 3012 765 3093 quid
781 3011 935 3074 inausum

126 3128 199 3189 Aut
210 3121 421 3186 intractatum
436 3117 608 3183 scelerisve
618 3117 729 3183 dolive
742 3116 874 3197 fuisset,

128 3232 285 3315 Quatuor
299 3244 320 3287 a
334 3222 471 3290 stabulis
488 3221 668 3307 praestanti
684 3240 824 3303 corpore
841 3228 952 3283 tauros

127 3332 277 3416 Avertit,
297 3330 435 3396 totidem
451 3328 560 3396 forma
574 3336 752 3411 superante
763 3326 930 3393 iuvencas·

127 3440 241 3519 Atque
252 3437 328 3518 hos,
345 3455 387 3497 ne
399 3432 586 3515 qusfooent
598 3429 740 3516 pedibus
753 3426 891 3516 vestigia
905 3424 1020 3509 rectis„

128 3544 250 3607 Gauda
260 3540 299 3603 in
314 3540 507 3622 speluncam
520 3544 655 3616 tractos,
672 3533 848 3615 versisque¹
857 3530 987 3595 viarum

128 3644 271 3717 indiciis
284 3654 411 3733 raptos,
431 3662 511 3711 saxo
524 3644 709 3708 occultabat
721 3660 836 3725 opaco.
858 3714 861 3717 ,

130 3752 316 3843 Quaerenti
330 3752 424 3819 nulla
439 3752 484 3819 ad
495 3750 688 3837 speluncam
703 3746 968 3836 sigmrfereltant.
