2809 4817
298 347 859 440 onisiecrn.um.
998 382 1060 464 q,
1191 417 1193 422 .

90 515 171 579 Non
185 511 263 596 illa,
280 513 499 596 Hesperidum
519 513 556 576 ni
576 535 713 580 munere
732 525 826 600 capta
841 515 967 603 luisset,

22 640 23 643 ¹
134 624 232 706 Quae
245 621 415 683 volucrem
432 637 528 682 cursu
547 619 671 682 vicerat
689 620 951 704 Hippomenem3

89 719 247 791 Candida
265 741 392 804 cycneo
409 739 479 784 non
497 722 585 784 edita
602 725 768 805 Tyndaris
785 743 888 802 oro,

133 836 211 896 Non
221 847 341 915 supero
351 830 483 916 fulgens
498 829 674 914 Cassiopea
686 833 791 914 polo;-
836 871 840 880 -
916 881 918 888 .

89 941 168 1002 Non
179 939 319 1000 ‘defensa
339 935 396 999 diu
412 938 586 1001 volucrum
604 937 782 1002 certamine
799 958 975 1022 equorum,

133 1042 304 1125 Optabant
318 1038 437 1102 Graiae
450 1059 551 1120 quam
560 1039 624 1106 sibi
637 1061 788 1123 quaeque
804 1063 938 1122 manus3

90 1151 197 1231 Soipe
207 1145 355 1209 animam
367 1145 481 1230 generi
493 1166 555 1228 pro
567 1166 633 1226 qua
646 1156 739 1230 pater
751 1147 873 1230 impius
887 1147 1013 1227 hausit;

131 1253 240 1333 Saepe
250 1249 353 1314 rubro
370 1252 455 1312 Eleis
468 1251 629 1336 sanguine
645 1250 889 1330 fluxithumus;

89 1359 199 1445 Regia
217 1377 287 1421 non
302 1356 444 1437 Semele,
463 1377 531 1418 non
545 1357 675 1420 Inachis
689 1357 875 1442 derisione,
1052 1440 1054 1446 Ι

81 1448 89 1456 ”
129 1465 273 1533 Immitti
285 1472 473 1547 exspectant
488 1462 642 1545 fulmine,
659 1472 691 1526 et
706 1463 829 1548 imbre,
841 1466 970 1538 lorema

88 1567 195 1636 Cuius
207 1578 238 1629 et
252 1568 440 1651 obreptum
455 1566 543 1649 pulsi
556 1567 683 1648 liquere
695 1571 831 1632 Penates

128 1671 307 1754 Tarquinii
324 1665 462 1757 patrios,
475 1671 564 1736 iilius
580 1682 678 1754 atque
696 1685 804 1758 palem

85 1782 169 1863 Illo,
187 1799 255 1861 quo
272 1778 417 1861 primum
436 1779 623 1844 dominatus
635 1783 741 1846 Roma
755 1783 917 1866 superbos

126 1881 274 1945 Mutavit
289 1881 427 1964 placidis
444 1891 591 1965 ternpore
604 1883 813 1948 Consulibus.

85 1978 211 2068 Multa,
232 2007 339 2067 neque
351 1985 543 2068 immeritis,
560 1986 697 2049 donavit
711 1986 858 2068 praemia
869 1986 1026 2067 alumnisp

128 2089 280 2153 Praemia
295 2088 440 2153 Messalla
452 2088 595 2156 maxima
609 2069 807 2174 Poplicolis.¹
1005 2113 1060 2169 40·

86 2197 174 2262 Nam
189 2196 271 2281 quid
280 2215 342 2280 ego
350 2192 504 2256 immensi
519 2212 699 2256 memorem
711 2193 820 2257 studia
833 2192 894 2258 ista
903 2187 1047 2262 laboris?

127 2300 276 2363 Horrida
290 2299 371 2381 quid
384 2301 485 2363 durae
501 2310 651 2382 tempora
663 2298 827 2362 militiae?

88 2413 202 2475 Castra
219 2410 291 2472 foro
307 2408 432 2491 solitos,
444 2410 521 2472 urbi
534 2429 738 2494 praeponere
750 2419 868 2501 castra,

127 2519 213 2579 Tam
226 2515 421 2598 procul-hoc
433 2525 525 2599 nato,
546 2526 613 2578 tam
629 2497 822 2610 procuihao
834 2515 963 2606 patriai
996 2601 1001 2606 Ι

86 2631 308 2692 immoderata
320 2627 391 2711 pati
403 2649 492 2692 nunc
501 2626 642 2719 frigora,
656 2647 810 2707 nuncque
820 2625 966 2690 calores?

126 2735 268 2796 stertere
283 2734 337 2796 rel
351 2733 433 2794 dura
447 2750 543 2814 posse
558 2751 656 2812 super
673 2728 790 2810 silipei

87 2839 191 2919 Saepe
206 2845 330 2900 trucem
347 2825 484 2898 adverso
498 2831 626 2916 perlabi
643 2831 751 2896 sidere
764 2834 928 2898 Pontum?

125 2941 232 3024 Saqpe
246 2959 338 3001 mare
350 2923 503 3002 audendo
513 2939 662 3018 vincere,
676 2953 774 3020 saepe
792 2937 963 3021 hiemem?

64 3049 68 3058 '
84 3047 191 3127 Saepe
199 3043 297 3108 etiarn
308 3043 425 3107 densos
435 3044 612 3106 immittere
623 3065 742 3127 corpus
759 3044 794 3107 in
807 3047 934 3130 hostros
966 3059 973 3082 ²

128 3153 347 3213 Communem
360 3147 442 3210 belli
456 3169 517 3210 nec
530 3146 677 3214 timuisse
694 3142 828 3212 De‘umi

84 3254 183 3315 Nono
192 3241 317 3314 ‘celeres
325 3250 432 3330 Afros,
449 3248 660 3331 perituraque
674 3247 781 3312 millia
796 3250 922 3336 gentis,

126 3361 237 3423 Aurea
252 3381 342 3423 nunc
350 3359 460 3442 rapidi
475 3356 612 3420 flumina
628 3356 721 3421 adire
732 3359 838 3445 Tagi?
874 3402 876 3408 .

84 3471 183 3531 Nune
194 3467 295 3530 aliam
308 3489 348 3530 ex
362 3468 429 3530 alia
441 3469 597 3531 bellando
617 3487 774 3548 quaerere
791 3469 945 3554 gentem?

125 3567 313 3640 vincere'et
327 3567 454 3637 Oceani
464 3573 587 3638 finibus
599 3573 760 3638 ulterius?

83 3676 161 3738 Non
174 3686 323 3741 nostrum
334 3689 396 3760 est,
410 3678 565 3760 inquam,
582 3690 687 3743 tantas
701 3679 862 3766 attingere
875 3677 1004 3758 laudem

125 3784 217 3873 Quin
230 3786 335 3855 ausim
344 3789 408 3855 boc
421 3789 519 3856 etiam
528 3789 655 3875 dicere,
669 3789 727 3856 rix
739 3789 913 3856 hominum
925 3794 983 3852 est.
