2809 4817
657 114 664 157 f
762 126 767 137 .

338 363 544 427 arnna
583 362 637 429 ιι,
677 365 802 444 aaa.
891 352 895 357 ’
1011 366 1051 451 ⁶7

89 510 218 579 inridit.
235 512 294 574 Ast
305 507 535 575 aiiisubeunt:
553 526 615 571 nee
632 524 725 589 saxa,
739 526 803 572 neo
817 502 931 571 ullum·

90 620 244 681 Teiorum
255 614 384 679 interea
402 623 505 679 cessat
518 632 632 702 genus.

92 724 293 791 Vestibulum
307 731 383 787 ante
396 721 507 804 ipsum
515 720 691 805 primoque
702 719 741 785 in
749 718 868 785 limine
880 721 1030 805 Pyrrum

92 830 247 914 Exsultat,
268 828 344 893 telis
353 836 385 890 et
398 828 473 889 luce
487 844 640 889 coruscus
653 830 748 891 aena.

28 934 29 937 ’
94 938 215 1025 Qualis,
227 935 288 1000 ubi
300 936 336 999 in
356 935 465 999 lucem
482 933 619 995 coluber
631 934 721 995 maia
732 931 885 1019 gramina
895 939 1025 1015 pastus,

93 1045 289 1134 Frigidasub
304 1050 392 1105 terra
404 1038 570 1103 tumidum
585 1060 685 1121 quem
699 1040 820 1103 brume
826 1042 984 1155 (egebam
1072 1061 1075 1066 ’

94 1156 179 1217 Nunc
189 1148 303 1236 positis
316 1166 422 1211 novus
436 1144 563 1211 exuviis
574 1145 765 1227 nitidusque
780 1147 934 1233 iuventa,

95 1254 225 1324 Lubrica
237 1251 407 1319 convolvit
423 1254 553 1315 sublato
564 1261 697 1335 pectore
712 1261 805 1337 terga

94 1364 212 1425 Arduus
223 1362 267 1424 ad
277 1360 396 1439 solem,
412 1368 444 1421 et
454 1356 578 1445 linguis
594 1358 695 1421 micat
706 1376 764 1420 ore
773 1354 925 1419 trisulcis.
974 1424 976 1430 ,

96 1468 161 1531 Una
171 1466 289 1554 ingens
297 1462 471 1546 Periphas,
486 1474 520 1526 et
532 1482 695 1544 equorum
709 1449 850 1549 agitator
861 1458 1001 1529 Achillis

96 1568 234 1656 Armiger
248 1568 475 1649 Automedon,
489 1586 556 1633 una
570 1566 680 1633 omnis
692 1565 808 1651 Scyria
820 1569 926 1650 pubes

95 1674 269 1743 succedunt
280 1680 382 1754 tecto,
399 1681 432 1736 et
449 1674 597 1737 flammas
615 1675 658 1735 ad
673 1672 821 1737 culmina
836 1671 970 1737 iactant.

96 1774 158 1856 lpse
168 1777 254 1841 inter
264 1775 392 1858 primus
408 1786 558 1859 correpta
572 1779 656 1839 dura
671 1776 811 1859 bipenni

97 1877 212 1946 limina
218 1879 417 1965 perrumpit,
432 1890 605 1964 postesque
618 1902 638 1944 a
651 1885 787 1947 cardine
801 1884 896 1948 vellit

97 1982 228 2047 Aeratos:
250 1984 386 2065 iamque
399 1984 507 2049 excisa
528 1988 619 2051 trabe
633 1984 731 2049 firma
744 1986 875 2050 cavavit
939 2032 943 2040 ι
1044 2000 1052 2011 ‘

96 2082 232 2171 Robora,
251 2100 283 2152 et
300 2088 470 2176 ingentem
481 2093 549 2156 lato
563 2093 654 2157 dedit
665 2114 723 2156 ore
735 2094 922 2157 fenestram.
982 2094 1044 2170 484

97 2192 224 2273 Apparet
234 2195 353 2261 domus
367 2194 471 2279 intus,
488 2206 519 2259 et
534 2198 617 2261 atria
637 2198 739 2284 longa
748 2208 939 2281 patescunt3
1042 2240 1046 2246 -

25 2384 26 2387 Ἴ
98 2298 248 2383 Appareut
260 2298 384 2365 Priami
398 2310 431 2365 et
448 2310 598 2363 veterum
617 2301 801 2384 penetralia
814 2320 953 2386 reguum

99 2408 298 2491 armatosque
312 2408 425 2473 vident
439 2410 556 2475 stantis
574 2408 610 2474 in
624 2410 742 2474 limine
756 2408 878 2494 primo.

130 2514 167 2575 At
177 2514 293 2581 domus
307 2514 444 2578 interior
457 2514 582 2601 gemitu
603 2514 791 2595 miseroque
805 2514 949 2578 tumultu

99 2618 249 2699 Miscetur3
267 2620 464 2703 penitusque
478 2642 578 2687 cavae
594 2620 813 2709 plangoribus
830 2620 928 2682 aedes
968 2624 972 2631 '
1073 2677 1076 2684 .

99 2723 243 2789 Femineis
255 2726 402 2789 ululant:
417 2724 495 2787 ferit
508 2742 607 2788 aurea
622 2722 731 2787 sidera
742 2724 878 2786 elamor.

99 2827 169 2891 Tum
184 2829 326 2912 pauidas
341 2829 431 2895 tectis
448 2840 567 2895 matres
589 2827 781 2917 ingentibus
793 2834 920 2908 errant,

100 2928 326 3015 implexasque
339 2943 452 2999 tenent
463 2942 585 3015 postes,
604 2942 703 3016 atque
717 2931 830 2994 oscula
842 2928 959 3017 figunt.

100 3034 184 3099 Instat
194 3038 228 3101 vi
237 3036 345 3122 patria
354 3040 518 3122 Pyrrhum
533 3058 595 3101 neo
610 3038 766 3120 claustra,
783 3052 895 3119 neque
905 3035 972 3122 ipsi

102 3145 238 3211 Custodes
251 3143 390 3212 sufferre
406 3149 528 3210 valent.
542 3147 648 3211 Labat
657 3144 760 3208 ariete
773 3145 891 3207 erebro

101 3248 201 3336 lanua,
215 3252 357 3321 etemoti
369 3254 594 3341 procumbunt
610 3251 746 3317 cardine
759 3257 877 3333 postes.
954 3231 958 3239 ¹
975 3286 983 3301 ·

102 3352 194 3419 Fitvia
205 3356 253 3421 vi:
269 3366 431 3443 rumpunt
444 3357 567 3439 aditus,
583 3354 776 3440 primosque
790 3352 957 3417 trucidant

101 3457 221 3530 immissi
229 3465 352 3547 Danai,
369 3472 403 3528 et
417 3466 483 3531 late
498 3465 574 3531 loca
587 3463 690 3528 milite
707 3464 886 3547 complent.

101 3564 160 3632 Non
171 3573 233 3655 sic,
246 3572 422 3665 aggeribus
430 3572 537 3656 ruptis
550 3594 627 3638 eum
641 3592 796 3655 spumeus
810 3570 918 3637 amnis

100 3673 182 3763 Exiit,
198 3682 433 3765 oppositasque
448 3682 547 3746 evicit
564 3681 696 3769 gurgite
708 3682 830 3766 moles,

99 3779 195 3849 Fertur
211 3785 248 3852 iu
258 3804 340 3852 arva
353 3786 464 3856 furens
480 3789 627 3876 cumulo,
648 3806 847 3875 camposque
855 3807 918 3874 per
930 3786 1038 3853 omnis
