<?xml version="1.0" encoding="UTF-8"?>
<!DOCTYPE html PUBLIC "-//W3C//DTD XHTML 1.0 Transitional//EN"
    "http://www.w3.org/TR/xhtml1/DTD/xhtml1-transitional.dtd">
<html xmlns="http://www.w3.org/1999/xhtml" xml:lang="en" lang="en">
 <head>
  <title>
</title>
<meta http-equiv="Content-Type" content="text/html;charset=utf-8" />
  <meta name='ocr-system' content='tesseract 3.04.00' />
  <meta name='ocr-capabilities' content='ocr_page ocr_carea ocr_par ocr_line ocrx_word'/>
</head>
<body>
  <div class='ocr_page' id='page_1' title='image "./pvirgiliimaroni00clasgoog/pvirgiliimaroni00clasgoog_0172.png"; bbox 0 0 2809 4817; ppageno 0'>
   <div class='ocr_carea' id='block_1_1' title="bbox 247 372 1283 455">
    <p class='ocr_par' dir='ltr' id='par_1_1' title="bbox 247 372 1283 455">
     <span class='ocr_line' id='line_1_1' title="bbox 247 372 1283 455; baseline 0.004 -24"><span class='ocrx_word' id='word_1_1' title='bbox 247 413 248 431; x_wconf 30' lang='lat' dir='ltr'><strong>r</strong></span> <span class='ocrx_word' id='word_1_2' title='bbox 367 388 425 449; x_wconf 67' lang='lat'><strong>,50</strong></span> <span class='ocrx_word' id='word_1_3' title='bbox 674 372 1026 454; x_wconf 71' lang='lat' dir='ltr'><strong>Aruernos</strong></span> <span class='ocrx_word' id='word_1_4' title='bbox 1168 373 1283 455; x_wconf 60' lang='lat' dir='ltr'><strong>usq.</strong></span> 
     </span>
    </p>
   </div>
   <div class='ocr_carea' id='block_1_2' title="bbox 316 516 1380 3863">
    <p class='ocr_par' dir='ltr' id='par_1_2' title="bbox 363 516 1250 1019">
     <span class='ocr_line' id='line_1_2' title="bbox 365 516 1236 607; baseline -0.018 -8"><span class='ocrx_word' id='word_1_5' title='bbox 365 516 1236 607; x_wconf 80' lang='lat' dir='ltr'><strong>Constititlleness,strepitumqneexterritushausit.</strong></span> 
     </span>
     <span class='ocr_line' id='line_1_3' title="bbox 364 623 1230 725; baseline -0.014 -22"><span class='ocrx_word' id='word_1_6' title='bbox 364 644 458 725; x_wconf 81' lang='lat' dir='ltr'><strong>Quae</strong></span> <span class='ocrx_word' id='word_1_7' title='bbox 469 632 629 701; x_wconf 86' lang='lat' dir='ltr'><strong>scelerum</strong></span> <span class='ocrx_word' id='word_1_8' title='bbox 640 632 762 695; x_wconf 81' lang='lat' dir='ltr'><strong>facies?</strong></span> <span class='ocrx_word' id='word_1_9' title='bbox 771 647 794 694; x_wconf 91' lang='lat' dir='ltr'><strong>o</strong></span> <span class='ocrx_word' id='word_1_10' title='bbox 807 630 922 715; x_wconf 76' lang='lat' dir='ltr'><strong>virgo,</strong></span> <span class='ocrx_word' id='word_1_11' title='bbox 933 623 1054 707; x_wconf 81' lang='lat' dir='ltr'><strong>effare3</strong></span> <span class='ocrx_word' id='word_1_12' title='bbox 1067 628 1230 711; x_wconf 77' lang='lat' dir='ltr'>quibusve</span> 
     </span>
     <span class='ocr_line' id='line_1_4' title="bbox 363 733 1223 830; baseline -0.014 -24"><span class='ocrx_word' id='word_1_13' title='bbox 363 744 532 830; x_wconf 85' lang='lat' dir='ltr'><strong>Urgentur</strong></span> <span class='ocrx_word' id='word_1_14' title='bbox 548 735 685 823; x_wconf 81' lang='lat' dir='ltr'><strong>poenis?</strong></span> <span class='ocrx_word' id='word_1_15' title='bbox 701 733 760 816; x_wconf 91' lang='lat' dir='ltr'><strong>qui</strong></span> <span class='ocrx_word' id='word_1_16' title='bbox 770 743 881 797; x_wconf 87' lang='lat' dir='ltr'><strong>tantus</strong></span> <span class='ocrx_word' id='word_1_17' title='bbox 888 734 1032 819; x_wconf 77' lang='lat' dir='ltr'><strong>plangor</strong></span> <span class='ocrx_word' id='word_1_18' title='bbox 1046 734 1089 795; x_wconf 88' lang='lat' dir='ltr'><strong>ad</strong></span> <span class='ocrx_word' id='word_1_19' title='bbox 1101 734 1223 796; x_wconf 79' lang='lat' dir='ltr'><strong>auras?</strong></span> 
     </span>
     <span class='ocr_line' id='line_1_5' title="bbox 364 835 1250 921; baseline -0.012 -10"><span class='ocrx_word' id='word_1_20' title='bbox 364 850 452 911; x_wconf 87' lang='lat' dir='ltr'><strong>Turn</strong></span> <span class='ocrx_word' id='word_1_21' title='bbox 462 856 553 908; x_wconf 82' lang='lat' dir='ltr'><strong>rates</strong></span> <span class='ocrx_word' id='word_1_22' title='bbox 564 843 612 909; x_wconf 87' lang='lat' dir='ltr'><strong>sio</strong></span> <span class='ocrx_word' id='word_1_23' title='bbox 622 858 697 905; x_wconf 87' lang='lat' dir='ltr'><strong>orsa</strong></span> <span class='ocrx_word' id='word_1_24' title='bbox 707 839 818 921; x_wconf 86' lang='lat' dir='ltr'><strong>loqui:</strong></span> <span class='ocrx_word' id='word_1_25' title='bbox 835 841 914 901; x_wconf 85' lang='lat' dir='ltr'><strong>Dux</strong></span> <span class='ocrx_word' id='word_1_26' title='bbox 929 838 1056 901; x_wconf 84' lang='lat' dir='ltr'><strong>inclute</strong></span> <span class='ocrx_word' id='word_1_27' title='bbox 1065 835 1250 921; x_wconf 74' lang='lat' dir='ltr'><strong>Teucriam,</strong></span> 
     </span>
     <span class='ocr_line' id='line_1_6' title="bbox 364 939 1148 1019; baseline -0.009 -7"><span class='ocrx_word' id='word_1_28' title='bbox 364 948 457 1012; x_wconf 81' lang='lat' dir='ltr'><strong>Nulli</strong></span> <span class='ocrx_word' id='word_1_29' title='bbox 467 950 517 1011; x_wconf 81' lang='lat' dir='ltr'><strong>fas</strong></span> <span class='ocrx_word' id='word_1_30' title='bbox 534 956 622 1011; x_wconf 86' lang='lat' dir='ltr'><strong>casto</strong></span> <span class='ocrx_word' id='word_1_31' title='bbox 635 948 831 1009; x_wconf 86' lang='lat' dir='ltr'><strong>sceleratum</strong></span> <span class='ocrx_word' id='word_1_32' title='bbox 847 939 998 1018; x_wconf 72' lang='lat' dir='ltr'><strong>insistere</strong></span> <span class='ocrx_word' id='word_1_33' title='bbox 1012 942 1115 1005; x_wconf 91' lang='lat' dir='ltr'><strong>limen</strong></span> <span class='ocrx_word' id='word_1_34' title='bbox 1124 965 1148 1019; x_wconf 81' lang='lat'><strong>3-</strong></span> 
     </span>
    </p>

    <p class='ocr_par' dir='ltr' id='par_1_3' title="bbox 336 1030 1301 1344">
     <span class='ocr_line' id='line_1_7' title="bbox 336 1030 1159 1128; baseline -0.007 -13"><span class='ocrx_word' id='word_1_35' title='bbox 336 1030 339 1041; x_wconf 20' lang='grc' dir='ltr'><strong>Α</strong></span> <span class='ocrx_word' id='word_1_36' title='bbox 364 1052 429 1115; x_wconf 86' lang='lat' dir='ltr'><strong>Sed</strong></span> <span class='ocrx_word' id='word_1_37' title='bbox 444 1070 498 1113; x_wconf 90' lang='lat' dir='ltr'><strong>me</strong></span> <span class='ocrx_word' id='word_1_38' title='bbox 512 1070 588 1113; x_wconf 90' lang='lat' dir='ltr'><strong>oum</strong></span> <span class='ocrx_word' id='word_1_39' title='bbox 601 1048 686 1112; x_wconf 87' lang='lat' dir='ltr'><strong>lucis</strong></span> <span class='ocrx_word' id='word_1_40' title='bbox 695 1050 820 1109; x_wconf 79' lang='lat' dir='ltr'><strong>Hecate</strong></span> <span class='ocrx_word' id='word_1_41' title='bbox 829 1044 988 1127; x_wconf 79' lang='lat' dir='ltr'><strong>praefecit</strong></span> <span class='ocrx_word' id='word_1_42' title='bbox 1000 1046 1159 1128; x_wconf 75' lang='lat' dir='ltr'><strong>Aramis,</strong></span> 
     </span>
     <span class='ocr_line' id='line_1_8' title="bbox 358 1151 1228 1241; baseline -0.002 -22"><span class='ocrx_word' id='word_1_43' title='bbox 358 1158 440 1241; x_wconf 89' lang='lat' dir='ltr'><strong>-1psa</strong></span> <span class='ocrx_word' id='word_1_44' title='bbox 449 1154 559 1221; x_wconf 81' lang='lat' dir='ltr'><strong>Dedm</strong></span> <span class='ocrx_word' id='word_1_45' title='bbox 572 1176 696 1239; x_wconf 90' lang='lat' dir='ltr'><strong>poenas</strong></span> <span class='ocrx_word' id='word_1_46' title='bbox 706 1153 835 1235; x_wconf 88' lang='lat' dir='ltr'><strong>docuit,</strong></span> <span class='ocrx_word' id='word_1_47' title='bbox 849 1173 977 1236; x_wconf 86' lang='lat' dir='ltr'>perque</span> <span class='ocrx_word' id='word_1_48' title='bbox 994 1153 1108 1215; x_wconf 91' lang='lat' dir='ltr'><strong>omnia</strong></span> <span class='ocrx_word' id='word_1_49' title='bbox 1121 1151 1228 1217; x_wconf 78' lang='lat' dir='ltr'><strong>duxit.</strong></span> 
     </span>
     <span class='ocr_line' id='line_1_9' title="bbox 366 1254 1301 1344; baseline -0.004 -21"><span class='ocrx_word' id='word_1_50' title='bbox 366 1259 509 1325; x_wconf 85' lang='lat' dir='ltr'>Gnosius</span> <span class='ocrx_word' id='word_1_51' title='bbox 518 1263 600 1323; x_wconf 88' lang='lat' dir='ltr'><strong>haee</strong></span> <span class='ocrx_word' id='word_1_52' title='bbox 608 1260 884 1322; x_wconf 78' lang='lat' dir='ltr'><strong>Rhadamanthus</strong></span> <span class='ocrx_word' id='word_1_53' title='bbox 898 1258 999 1319; x_wconf 89' lang='lat' dir='ltr'><strong>habet</strong></span> <span class='ocrx_word' id='word_1_54' title='bbox 1007 1254 1185 1319; x_wconf 82' lang='lat' dir='ltr'><strong>durissima</strong></span> <span class='ocrx_word' id='word_1_55' title='bbox 1194 1276 1301 1344; x_wconf 80' lang='lat' dir='ltr'><strong>regna,</strong></span> 
     </span>
    </p>

    <p class='ocr_par' dir='ltr' id='par_1_4' title="bbox 335 1360 1380 2490">
     <span class='ocr_line' id='line_1_10' title="bbox 335 1360 1303 1454; baseline -0.007 -23"><span class='ocrx_word' id='word_1_56' title='bbox 335 1442 337 1451; x_wconf 26' lang='grc' dir='ltr'>Ι</span> <span class='ocrx_word' id='word_1_57' title='bbox 365 1368 577 1454; x_wconf 75' lang='lat' dir='ltr'>Castigatque</span> <span class='ocrx_word' id='word_1_58' title='bbox 587 1366 748 1448; x_wconf 79' lang='lat' dir='ltr'><strong>auditque</strong></span> <span class='ocrx_word' id='word_1_59' title='bbox 762 1368 873 1442; x_wconf 80' lang='lat' dir='ltr'><strong>dolos3</strong></span> <span class='ocrx_word' id='word_1_60' title='bbox 888 1360 1078 1449; x_wconf 79' lang='lat' dir='ltr'><strong>subigitque</strong></span> <span class='ocrx_word' id='word_1_61' title='bbox 1090 1363 1207 1447; x_wconf 76' lang='lat' dir='ltr'><strong>fateri,</strong></span> <span class='ocrx_word' id='word_1_62' title='bbox 1228 1450 1231 1453; x_wconf 6' lang='grc' dir='ltr'><strong><em>ἡ</em></strong></span> <span class='ocrx_word' id='word_1_63' title='bbox 1248 1411 1253 1416; x_wconf 84' lang='grc'>.</span> <span class='ocrx_word' id='word_1_64' title='bbox 1299 1410 1303 1417; x_wconf 94' lang='grc'>.</span> 
     </span>
     <span class='ocr_line' id='line_1_11' title="bbox 366 1469 1200 1559; baseline -0.005 -24"><span class='ocrx_word' id='word_1_65' title='bbox 366 1476 460 1559; x_wconf 81' lang='lat' dir='ltr'><strong>Quae</strong></span> <span class='ocrx_word' id='word_1_66' title='bbox 474 1472 548 1553; x_wconf 91' lang='lat' dir='ltr'><strong>quis</strong></span> <span class='ocrx_word' id='word_1_67' title='bbox 562 1472 653 1555; x_wconf 92' lang='lat' dir='ltr'><strong>apud</strong></span> <span class='ocrx_word' id='word_1_68' title='bbox 665 1490 819 1554; x_wconf 88' lang='lat' dir='ltr'><strong>superos,</strong></span> <span class='ocrx_word' id='word_1_69' title='bbox 829 1470 918 1533; x_wconf 83' lang='lat' dir='ltr'><strong>furto</strong></span> <span class='ocrx_word' id='word_1_70' title='bbox 936 1471 1075 1532; x_wconf 87' lang='lat' dir='ltr'><strong>laetatus</strong></span> <span class='ocrx_word' id='word_1_71' title='bbox 1088 1469 1200 1551; x_wconf 86' lang='lat' dir='ltr'><strong>inani,</strong></span> 
     </span>
     <span class='ocr_line' id='line_1_12' title="bbox 365 1563 1380 1657; baseline -0.004 -20"><span class='ocrx_word' id='word_1_72' title='bbox 365 1574 501 1637; x_wconf 78' lang='lat' dir='ltr'><strong>Distulit</strong></span> <span class='ocrx_word' id='word_1_73' title='bbox 519 1575 554 1636; x_wconf 89' lang='lat' dir='ltr'><strong>in</strong></span> <span class='ocrx_word' id='word_1_74' title='bbox 569 1591 676 1637; x_wconf 88' lang='lat' dir='ltr'><strong>seram</strong></span> <span class='ocrx_word' id='word_1_75' title='bbox 692 1572 866 1638; x_wconf 87' lang='lat' dir='ltr'><strong>commissa</strong></span> <span class='ocrx_word' id='word_1_76' title='bbox 880 1563 1014 1657; x_wconf 83' lang='lat' dir='ltr'><strong>piacula</strong></span> <span class='ocrx_word' id='word_1_77' title='bbox 1024 1582 1179 1636; x_wconf 85' lang='lat' dir='ltr'><strong>mortem.</strong></span> <span class='ocrx_word' id='word_1_78' title='bbox 1242 1626 1246 1634; x_wconf 88' lang='lat'><strong>.</strong></span> <span class='ocrx_word' id='word_1_79' title='bbox 1273 1635 1275 1640; x_wconf 82' lang='grc'>,</span> <span class='ocrx_word' id='word_1_80' title='bbox 1379 1573 1380 1576; x_wconf 73' lang='grc'>’</span> 
     </span>
     <span class='ocr_line' id='line_1_13' title="bbox 366 1673 1076 1759; baseline -0.004 -22"><span class='ocrx_word' id='word_1_81' title='bbox 366 1674 534 1749; x_wconf 77' lang='lat' dir='ltr'><strong>Continuo</strong></span> <span class='ocrx_word' id='word_1_82' title='bbox 545 1675 648 1739; x_wconf 89' lang='lat' dir='ltr'><strong>sontis</strong></span> <span class='ocrx_word' id='word_1_83' title='bbox 663 1674 766 1738; x_wconf 84' lang='lat' dir='ltr'><strong>ultrix</strong></span> <span class='ocrx_word' id='word_1_84' title='bbox 780 1675 928 1739; x_wconf 75' lang='lat' dir='ltr'><strong>accincta</strong></span> <span class='ocrx_word' id='word_1_85' title='bbox 944 1673 1076 1759; x_wconf 85' lang='lat' dir='ltr'><strong>flagello</strong></span> 
     </span>
     <span class='ocr_line' id='line_1_14' title="bbox 365 1776 1252 1862; baseline -0.003 -19"><span class='ocrx_word' id='word_1_86' title='bbox 365 1778 549 1862; x_wconf 84' lang='lat' dir='ltr'><strong>Tisiphone</strong></span> <span class='ocrx_word' id='word_1_87' title='bbox 562 1780 667 1861; x_wconf 89' lang='lat' dir='ltr'><strong>quatit</strong></span> <span class='ocrx_word' id='word_1_88' title='bbox 681 1780 859 1862; x_wconf 83' lang='lat' dir='ltr'><strong>insultans,</strong></span> <span class='ocrx_word' id='word_1_89' title='bbox 872 1790 1050 1861; x_wconf 88' lang='lat' dir='ltr'><strong>torvosque</strong></span> <span class='ocrx_word' id='word_1_90' title='bbox 1066 1776 1203 1842; x_wconf 88' lang='lat' dir='ltr'><strong>sinistra</strong></span> <span class='ocrx_word' id='word_1_91' title='bbox 1249 1844 1252 1847; x_wconf 65' lang='grc'>,</span> 
     </span>
     <span class='ocr_line' id='line_1_15' title="bbox 365 1884 1287 1971; baseline 0.005 -27"><span class='ocrx_word' id='word_1_92' title='bbox 365 1884 537 1955; x_wconf 85' lang='lat' dir='ltr'><strong>Intentans</strong></span> <span class='ocrx_word' id='word_1_93' title='bbox 550 1884 685 1971; x_wconf 80' lang='lat' dir='ltr'><strong>anguis,</strong></span> <span class='ocrx_word' id='word_1_94' title='bbox 697 1895 793 1947; x_wconf 86' lang='lat' dir='ltr'><strong>vocat</strong></span> <span class='ocrx_word' id='word_1_95' title='bbox 808 1884 942 1971; x_wconf 84' lang='lat' dir='ltr'><strong>agmina</strong></span> <span class='ocrx_word' id='word_1_96' title='bbox 959 1904 1059 1947; x_wconf 85' lang='lat' dir='ltr'><strong>saeva</strong></span> <span class='ocrx_word' id='word_1_97' title='bbox 1071 1903 1235 1946; x_wconf 84' lang='lat' dir='ltr'><strong>sororum.</strong></span> <span class='ocrx_word' id='word_1_98' title='bbox 1284 1942 1287 1949; x_wconf 94' lang='lat'>.</span> 
     </span>
     <span class='ocr_line' id='line_1_16' title="bbox 366 1972 1261 2058; baseline -0.001 -8"><span class='ocrx_word' id='word_1_99' title='bbox 366 1972 454 2055; x_wconf 83' lang='lat' dir='ltr'><strong>Tum</strong></span> <span class='ocrx_word' id='word_1_100' title='bbox 472 1991 607 2051; x_wconf 88' lang='lat' dir='ltr'><strong>demum</strong></span> <span class='ocrx_word' id='word_1_101' title='bbox 624 1988 803 2051; x_wconf 89' lang='lat' dir='ltr'><strong>horrisono</strong></span> <span class='ocrx_word' id='word_1_102' title='bbox 816 1988 992 2051; x_wconf 87' lang='lat' dir='ltr'><strong>stridentes</strong></span> <span class='ocrx_word' id='word_1_103' title='bbox 1004 1986 1140 2049; x_wconf 83' lang='lat' dir='ltr'><strong>cardine</strong></span> <span class='ocrx_word' id='word_1_104' title='bbox 1152 2006 1261 2058; x_wconf 81' lang='lat' dir='ltr'><strong>sacrae</strong></span> 
     </span>
     <span class='ocr_line' id='line_1_17' title="bbox 366 2090 1380 2178; baseline -0.005 -21"><span class='ocrx_word' id='word_1_105' title='bbox 366 2096 563 2157; x_wconf 86' lang='lat' dir='ltr'><strong>Panduntur</strong></span> <span class='ocrx_word' id='word_1_106' title='bbox 575 2104 701 2178; x_wconf 89' lang='lat' dir='ltr'><strong>portae.</strong></span> <span class='ocrx_word' id='word_1_107' title='bbox 717 2092 847 2175; x_wconf 87' lang='lat' dir='ltr'><strong>Cernis,</strong></span> <span class='ocrx_word' id='word_1_108' title='bbox 858 2093 1007 2157; x_wconf 87' lang='lat' dir='ltr'><strong>custodia</strong></span> <span class='ocrx_word' id='word_1_109' title='bbox 1020 2092 1128 2173; x_wconf 89' lang='lat' dir='ltr'><strong>qualis</strong></span> <span class='ocrx_word' id='word_1_110' title='bbox 1272 2090 1321 2169; x_wconf 77' lang='lat'><strong>574</strong></span> <span class='ocrx_word' id='word_1_111' title='bbox 1379 2095 1380 2116; x_wconf 79' lang='lat'>³</span> 
     </span>
     <span class='ocr_line' id='line_1_18' title="bbox 367 2184 1185 2289; baseline -0.007 -23"><span class='ocrx_word' id='word_1_112' title='bbox 367 2201 541 2266; x_wconf 87' lang='lat' dir='ltr'><strong>Vestibulo</strong></span> <span class='ocrx_word' id='word_1_113' title='bbox 553 2203 689 2266; x_wconf 85' lang='lat' dir='ltr'><strong>sedeat?</strong></span> <span class='ocrx_word' id='word_1_114' title='bbox 704 2199 804 2264; x_wconf 90' lang='lat' dir='ltr'><strong>facies</strong></span> <span class='ocrx_word' id='word_1_115' title='bbox 821 2220 907 2289; x_wconf 80' lang='lat' dir='ltr'><strong>qpae</strong></span> <span class='ocrx_word' id='word_1_116' title='bbox 920 2184 1043 2262; x_wconf 71' lang='lat' dir='ltr'><strong>¹limina</strong></span> <span class='ocrx_word' id='word_1_117' title='bbox 1056 2200 1185 2261; x_wconf 83' lang='lat' dir='ltr'><strong>servet?</strong></span> 
     </span>
     <span class='ocr_line' id='line_1_19' title="bbox 367 2288 1184 2393; baseline -0.004 -25"><span class='ocrx_word' id='word_1_118' title='bbox 367 2306 621 2393; x_wconf 78' lang='lat' dir='ltr'><strong>Quinquaginta</strong></span> <span class='ocrx_word' id='word_1_119' title='bbox 636 2305 717 2370; x_wconf 87' lang='lat' dir='ltr'><strong>atris</strong></span> <span class='ocrx_word' id='word_1_120' title='bbox 728 2288 884 2367; x_wconf 81' lang='lat' dir='ltr'><strong>immanis</strong></span> <span class='ocrx_word' id='word_1_121' title='bbox 900 2302 1047 2367; x_wconf 87' lang='lat' dir='ltr'><strong>hiatibus</strong></span> <span class='ocrx_word' id='word_1_122' title='bbox 1061 2305 1184 2386; x_wconf 85' lang='lat' dir='ltr'><strong>Hydra</strong></span> 
     </span>
     <span class='ocr_line' id='line_1_20' title="bbox 367 2399 1216 2490; baseline -0.005 -17"><span class='ocrx_word' id='word_1_123' title='bbox 367 2410 504 2473; x_wconf 82' lang='lat' dir='ltr'><strong>Saevior</strong></span> <span class='ocrx_word' id='word_1_124' title='bbox 516 2409 606 2475; x_wconf 90' lang='lat' dir='ltr'><strong>intus</strong></span> <span class='ocrx_word' id='word_1_125' title='bbox 621 2413 723 2474; x_wconf 87' lang='lat' dir='ltr'><strong>habet</strong></span> <span class='ocrx_word' id='word_1_126' title='bbox 737 2399 860 2474; x_wconf 88' lang='lat' dir='ltr'><strong>sedem.</strong></span> <span class='ocrx_word' id='word_1_127' title='bbox 875 2411 963 2471; x_wconf 90' lang='lat' dir='ltr'><strong>Tum</strong></span> <span class='ocrx_word' id='word_1_128' title='bbox 971 2408 1129 2481; x_wconf 79' lang='lat' dir='ltr'><strong>Tartarus</strong></span> <span class='ocrx_word' id='word_1_129' title='bbox 1144 2407 1216 2490; x_wconf 89' lang='lat' dir='ltr'><strong>ipse</strong></span> 
     </span>
    </p>

    <p class='ocr_par' dir='ltr' id='par_1_5' title="bbox 316 2495 1380 2909">
     <span class='ocr_line' id='line_1_21' title="bbox 316 2495 1380 2597; baseline 0.002 -24"><span class='ocrx_word' id='word_1_130' title='bbox 316 2500 319 2506; x_wconf 43' lang='lat'><em>¹</em></span> <span class='ocrx_word' id='word_1_131' title='bbox 367 2510 420 2575; x_wconf 87' lang='lat' dir='ltr'><strong>Bis</strong></span> <span class='ocrx_word' id='word_1_132' title='bbox 431 2522 520 2595; x_wconf 88' lang='lat' dir='ltr'><strong>patet</strong></span> <span class='ocrx_word' id='word_1_133' title='bbox 531 2513 568 2575; x_wconf 88' lang='lat' dir='ltr'><strong>in</strong></span> <span class='ocrx_word' id='word_1_134' title='bbox 579 2532 738 2596; x_wconf 87' lang='lat' dir='ltr'><strong>praeceps</strong></span> <span class='ocrx_word' id='word_1_135' title='bbox 749 2522 888 2597; x_wconf 82' lang='lat' dir='ltr'><strong>tantum,</strong></span> <span class='ocrx_word' id='word_1_136' title='bbox 904 2513 1074 2593; x_wconf 89' lang='lat' dir='ltr'><strong>tenditque</strong></span> <span class='ocrx_word' id='word_1_137' title='bbox 1083 2514 1146 2576; x_wconf 89' lang='lat' dir='ltr'><strong>sub</strong></span> <span class='ocrx_word' id='word_1_138' title='bbox 1157 2515 1296 2592; x_wconf 85' lang='lat' dir='ltr'><strong>umbras,</strong></span> <span class='ocrx_word' id='word_1_139' title='bbox 1313 2508 1315 2512; x_wconf 68' lang='grc'><strong>’</strong></span> <span class='ocrx_word' id='word_1_140' title='bbox 1379 2495 1380 2518; x_wconf 61' lang='lat'>³</span> 
     </span>
     <span class='ocr_line' id='line_1_22' title="bbox 368 2616 1311 2703; baseline 0.004 -28"><span class='ocrx_word' id='word_1_141' title='bbox 368 2617 521 2698; x_wconf 81' lang='lat' dir='ltr'><strong>Quantus</strong></span> <span class='ocrx_word' id='word_1_142' title='bbox 534 2617 577 2677; x_wconf 88' lang='lat' dir='ltr'><strong>ad</strong></span> <span class='ocrx_word' id='word_1_143' title='bbox 591 2616 776 2678; x_wconf 87' lang='lat' dir='ltr'><strong>aetherium</strong></span> <span class='ocrx_word' id='word_1_144' title='bbox 788 2616 873 2679; x_wconf 87' lang='lat' dir='ltr'><strong>coeli</strong></span> <span class='ocrx_word' id='word_1_145' title='bbox 886 2626 1055 2700; x_wconf 89' lang='lat' dir='ltr'><strong>suspectus</strong></span> <span class='ocrx_word' id='word_1_146' title='bbox 1065 2619 1261 2703; x_wconf 84' lang='lat' dir='ltr'><strong>Olympum.</strong></span> <span class='ocrx_word' id='word_1_147' title='bbox 1308 2640 1311 2645; x_wconf 43' lang='lat'><em>¹</em></span> 
     </span>
     <span class='ocr_line' id='line_1_23' title="bbox 367 2710 1173 2815; baseline 0.007 -33"><span class='ocrx_word' id='word_1_148' title='bbox 367 2710 433 2783; x_wconf 85' lang='lat' dir='ltr'><strong>Hic</strong></span> <span class='ocrx_word' id='word_1_149' title='bbox 446 2734 550 2805; x_wconf 83' lang='lat' dir='ltr'><strong>genus</strong></span> <span class='ocrx_word' id='word_1_150' title='bbox 565 2719 740 2801; x_wconf 89' lang='lat' dir='ltr'><strong>antiquum</strong></span> <span class='ocrx_word' id='word_1_151' title='bbox 755 2724 895 2815; x_wconf 73' lang='lat' dir='ltr'><strong>Terrae,</strong></span> <span class='ocrx_word' id='word_1_152' title='bbox 904 2722 1037 2785; x_wconf 88' lang='lat' dir='ltr'><strong>Titania</strong></span> <span class='ocrx_word' id='word_1_153' title='bbox 1048 2726 1173 2808; x_wconf 84' lang='lat' dir='ltr'><strong>pubes,</strong></span> 
     </span>
     <span class='ocr_line' id='line_1_24' title="bbox 367 2810 1230 2909; baseline 0.008 -22"><span class='ocrx_word' id='word_1_154' title='bbox 367 2827 523 2889; x_wconf 83' lang='lat' dir='ltr'><strong>Fulmiue</strong></span> <span class='ocrx_word' id='word_1_155' title='bbox 536 2827 668 2909; x_wconf 85' lang='lat' dir='ltr'><strong>deiecti,</strong></span> <span class='ocrx_word' id='word_1_156' title='bbox 685 2829 793 2891; x_wconf 85' lang='lat' dir='ltr'><strong>fundo</strong></span> <span class='ocrx_word' id='word_1_157' title='bbox 802 2832 985 2891; x_wconf 84' lang='lat' dir='ltr'><strong>volvuntur</strong></span> <span class='ocrx_word' id='word_1_158' title='bbox 1000 2830 1037 2892; x_wconf 91' lang='lat' dir='ltr'><strong>in</strong></span> <span class='ocrx_word' id='word_1_159' title='bbox 1054 2829 1138 2909; x_wconf 78' lang='lat' dir='ltr'><strong>imo.</strong></span> <span class='ocrx_word' id='word_1_160' title='bbox 1226 2810 1230 2815; x_wconf 41' lang='grc'><strong>’</strong></span> 
     </span>
    </p>

    <p class='ocr_par' dir='ltr' id='par_1_6' title="bbox 331 2924 1380 3863">
     <span class='ocr_line' id='line_1_25' title="bbox 331 2924 1075 3017; baseline 0.001 -24"><span class='ocrx_word' id='word_1_161' title='bbox 331 3008 335 3014; x_wconf 89' lang='lat'>.</span> <span class='ocrx_word' id='word_1_162' title='bbox 368 2924 434 2993; x_wconf 85' lang='lat' dir='ltr'><strong>Hic</strong></span> <span class='ocrx_word' id='word_1_163' title='bbox 448 2942 480 2993; x_wconf 90' lang='lat' dir='ltr'><strong>et</strong></span> <span class='ocrx_word' id='word_1_164' title='bbox 489 2933 622 2995; x_wconf 85' lang='lat' dir='ltr'><strong>Aloidas</strong></span> <span class='ocrx_word' id='word_1_165' title='bbox 638 2934 809 3017; x_wconf 80' lang='lat' dir='ltr'><strong>geminos,</strong></span> <span class='ocrx_word' id='word_1_166' title='bbox 825 2932 988 3000; x_wconf 90' lang='lat' dir='ltr'><strong>immania</strong></span> <span class='ocrx_word' id='word_1_167' title='bbox 1002 2932 1075 2995; x_wconf 84' lang='lat' dir='ltr'><strong>vidi</strong></span> 
     </span>
     <span class='ocr_line' id='line_1_26' title="bbox 370 3033 1380 3125; baseline 0.003 -26"><span class='ocrx_word' id='word_1_168' title='bbox 370 3040 534 3119; x_wconf 88' lang='lat' dir='ltr'><strong>Corpora:</strong></span> <span class='ocrx_word' id='word_1_169' title='bbox 546 3036 605 3117; x_wconf 90' lang='lat' dir='ltr'><strong>qui</strong></span> <span class='ocrx_word' id='word_1_170' title='bbox 615 3036 770 3101; x_wconf 85' lang='lat' dir='ltr'><strong>manibus</strong></span> <span class='ocrx_word' id='word_1_171' title='bbox 779 3057 940 3125; x_wconf 82' lang='lat' dir='ltr'><strong>magnum</strong></span> <span class='ocrx_word' id='word_1_172' title='bbox 951 3036 1138 3102; x_wconf 81' lang='lat' dir='ltr'><strong>rescindere</strong></span> <span class='ocrx_word' id='word_1_173' title='bbox 1151 3042 1275 3110; x_wconf 84' lang='lat' dir='ltr'><strong>eoelum</strong></span> <span class='ocrx_word' id='word_1_174' title='bbox 1379 3033 1380 3042; x_wconf 67' lang='grc'>’</span> 
     </span>
     <span class='ocr_line' id='line_1_27' title="bbox 369 3142 1195 3233; baseline 0.007 -31"><span class='ocrx_word' id='word_1_175' title='bbox 369 3142 538 3229; x_wconf 73' lang='lat' dir='ltr'><strong>Aggressi,</strong></span> <span class='ocrx_word' id='word_1_176' title='bbox 552 3143 747 3224; x_wconf 89' lang='lat' dir='ltr'><strong>superisque</strong></span> <span class='ocrx_word' id='word_1_177' title='bbox 757 3143 873 3206; x_wconf 87' lang='lat' dir='ltr'><strong>Iovem</strong></span> <span class='ocrx_word' id='word_1_178' title='bbox 887 3146 1062 3207; x_wconf 87' lang='lat' dir='ltr'><strong>detrudere</strong></span> <span class='ocrx_word' id='word_1_179' title='bbox 1074 3146 1195 3233; x_wconf 81' lang='lat' dir='ltr'><strong>regnis.</strong></span> 
     </span>
     <span class='ocr_line' id='line_1_28' title="bbox 368 3251 1150 3338; baseline 0 -21"><span class='ocrx_word' id='word_1_180' title='bbox 368 3252 450 3318; x_wconf 90' lang='lat' dir='ltr'><strong>Vidi</strong></span> <span class='ocrx_word' id='word_1_181' title='bbox 463 3262 495 3315; x_wconf 94' lang='lat' dir='ltr'><strong>et</strong></span> <span class='ocrx_word' id='word_1_182' title='bbox 509 3251 651 3323; x_wconf 87' lang='lat' dir='ltr'><strong>crudelis</strong></span> <span class='ocrx_word' id='word_1_183' title='bbox 668 3253 804 3318; x_wconf 83' lang='lat' dir='ltr'><strong>dantem</strong></span> <span class='ocrx_word' id='word_1_184' title='bbox 814 3253 990 3319; x_wconf 80' lang='lat' dir='ltr'><strong>Salmonea</strong></span> <span class='ocrx_word' id='word_1_185' title='bbox 1007 3275 1150 3338; x_wconf 87' lang='lat' dir='ltr'><strong>poenas,</strong></span> 
     </span>
     <span class='ocr_line' id='line_1_29' title="bbox 370 3342 1238 3445; baseline 0 -23"><span class='ocrx_word' id='word_1_186' title='bbox 370 3361 460 3423; x_wconf 92' lang='lat' dir='ltr'><strong>Dum</strong></span> <span class='ocrx_word' id='word_1_187' title='bbox 474 3342 624 3422; x_wconf 81' lang='lat' dir='ltr'><strong>flammas</strong></span> <span class='ocrx_word' id='word_1_188' title='bbox 636 3358 726 3422; x_wconf 88' lang='lat' dir='ltr'><strong>Iovis</strong></span> <span class='ocrx_word' id='word_1_189' title='bbox 738 3369 772 3421; x_wconf 86' lang='lat' dir='ltr'><strong>et</strong></span> <span class='ocrx_word' id='word_1_190' title='bbox 786 3361 913 3445; x_wconf 85' lang='lat' dir='ltr'><strong>sonitus</strong></span> <span class='ocrx_word' id='word_1_191' title='bbox 926 3360 1077 3424; x_wconf 85' lang='lat' dir='ltr'><strong>imitatur</strong></span> <span class='ocrx_word' id='word_1_192' title='bbox 1089 3359 1238 3443; x_wconf 81' lang='lat' dir='ltr'><strong>Olympi.</strong></span> 
     </span>
     <span class='ocr_line' id='line_1_30' title="bbox 370 3461 1269 3547; baseline -0.003 -23"><span class='ocrx_word' id='word_1_193' title='bbox 370 3466 522 3547; x_wconf 77' lang='lat' dir='ltr'><strong>Quattuor</strong></span> <span class='ocrx_word' id='word_1_194' title='bbox 535 3461 590 3525; x_wconf 89' lang='lat' dir='ltr'><strong>hic</strong></span> <span class='ocrx_word' id='word_1_195' title='bbox 603 3461 752 3525; x_wconf 85' lang='lat' dir='ltr'><strong>invectus</strong></span> <span class='ocrx_word' id='word_1_196' title='bbox 763 3462 872 3544; x_wconf 85' lang='lat' dir='ltr'><strong>equis,</strong></span> <span class='ocrx_word' id='word_1_197' title='bbox 884 3472 916 3525; x_wconf 92' lang='lat' dir='ltr'><strong>et</strong></span> <span class='ocrx_word' id='word_1_198' title='bbox 930 3464 1086 3545; x_wconf 87' lang='lat' dir='ltr'><strong>lampada</strong></span> <span class='ocrx_word' id='word_1_199' title='bbox 1100 3480 1269 3545; x_wconf 88' lang='lat' dir='ltr'><strong>quassans,</strong></span> 
     </span>
     <span class='ocr_line' id='line_1_31' title="bbox 370 3567 1262 3651; baseline -0.007 -20"><span class='ocrx_word' id='word_1_200' title='bbox 370 3572 434 3631; x_wconf 89' lang='lat' dir='ltr'><strong>Per</strong></span> <span class='ocrx_word' id='word_1_201' title='bbox 444 3568 581 3631; x_wconf 79' lang='lat' dir='ltr'><strong>Graihm</strong></span> <span class='ocrx_word' id='word_1_202' title='bbox 593 3570 737 3651; x_wconf 89' lang='lat' dir='ltr'><strong>populos</strong></span> <span class='ocrx_word' id='word_1_203' title='bbox 750 3569 947 3650; x_wconf 87' lang='lat' dir='ltr'><strong>mediaeque</strong></span> <span class='ocrx_word' id='word_1_204' title='bbox 959 3589 1020 3650; x_wconf 90' lang='lat' dir='ltr'><strong>per</strong></span> <span class='ocrx_word' id='word_1_205' title='bbox 1032 3567 1135 3631; x_wconf 86' lang='lat' dir='ltr'><strong>Elidis</strong></span> <span class='ocrx_word' id='word_1_206' title='bbox 1150 3570 1262 3630; x_wconf 88' lang='lat' dir='ltr'><strong>urbem</strong></span> 
     </span>
     <span class='ocr_line' id='line_1_32' title="bbox 367 3664 1226 3755; baseline -0.001 -20"><span class='ocrx_word' id='word_1_207' title='bbox 367 3672 443 3735; x_wconf 89' lang='lat' dir='ltr'><strong>Ibat</strong></span> <span class='ocrx_word' id='word_1_208' title='bbox 460 3691 580 3755; x_wconf 88' lang='lat' dir='ltr'><strong>ovans,</strong></span> <span class='ocrx_word' id='word_1_209' title='bbox 592 3672 782 3754; x_wconf 81' lang='lat' dir='ltr'><strong>Divomque</strong></span> <span class='ocrx_word' id='word_1_210' title='bbox 795 3672 861 3737; x_wconf 85' lang='lat' dir='ltr'><strong>sibi</strong></span> <span class='ocrx_word' id='word_1_211' title='bbox 873 3675 1030 3755; x_wconf 80' lang='lat' dir='ltr'><strong>poscebat</strong></span> <span class='ocrx_word' id='word_1_212' title='bbox 1044 3664 1226 3755; x_wconf 81' lang='lat' dir='ltr'><strong>honorem,</strong></span> 
     </span>
     <span class='ocr_line' id='line_1_33' title="bbox 370 3779 1206 3863; baseline -0.004 -19"><span class='ocrx_word' id='word_1_213' title='bbox 370 3781 533 3847; x_wconf 75' lang='lat' dir='ltr'><strong>Demens!</strong></span> <span class='ocrx_word' id='word_1_214' title='bbox 547 3782 607 3863; x_wconf 91' lang='lat' dir='ltr'><strong>qui</strong></span> <span class='ocrx_word' id='word_1_215' title='bbox 619 3782 752 3850; x_wconf 90' lang='lat' dir='ltr'><strong>nimbos</strong></span> <span class='ocrx_word' id='word_1_216' title='bbox 763 3792 795 3848; x_wconf 90' lang='lat' dir='ltr'><strong>et</strong></span> <span class='ocrx_word' id='word_1_217' title='bbox 808 3801 879 3847; x_wconf 91' lang='lat' dir='ltr'><strong>non</strong></span> <span class='ocrx_word' id='word_1_218' title='bbox 893 3779 1057 3845; x_wconf 87' lang='lat' dir='ltr'><strong>imitabile</strong></span> <span class='ocrx_word' id='word_1_219' title='bbox 1069 3780 1206 3863; x_wconf 80' lang='lat' dir='ltr'><strong>fulmen</strong></span> 
     </span>
    </p>
   </div>
   <div class='ocr_carea' id='block_1_3' title="bbox 0 0 1416 4817">
    <p class='ocr_par' dir='ltr' id='par_1_7' title="bbox 0 0 1416 4817">
     <span class='ocr_line' id='line_1_34' title="bbox 0 0 1416 4817; baseline 0 0"><span class='ocrx_word' id='word_1_220' title='bbox 0 0 1416 4817; x_wconf 95' lang='lat' dir='ltr'><strong> </strong></span> 
     </span>
    </p>
   </div>
  </div>
 </body>
</html>
