2809 4817
354 367 416 441 ³4⁴
565 333 572 449 ¹,
646 349 1021 430 cusanam.
1112 309 1130 444 ⁴,

354 506 409 570 llli
423 505 508 570 falec
524 507 611 568 Deus
623 503 760 582 colitur,
778 521 847 563 non
855 508 939 579 arte,
955 497 1097 582 politus3

354 615 417 676 ille
434 609 513 676 'colit
527 614 635 689 lucos3
656 610 725 692 illi,
738 610 903 674 Panchaia
922 619 1009 688 tura,

354 719 506 782 Floribus
517 701 659 804 agrestes
675 717 798 778 herbae
812 711 1031 792 variantibus,
1049 712 1189 787 adsunt3

355 822 411 885 Illi
421 823 526 886 dulcis
539 824 630 884 adest
640 819 788 902 requies,
803 827 834 882 et
842 835 928 900 pura
937 817 1110 898 voluptas,
1125 819 1127 824 ’
1181 823 1184 830 ’

354 923 491 1006 Libera,
501 921 706 1005 simplicibus
720 919 822 984 curis:
842 921 909 982 huo
922 916 1088 997 imminet,
1098 918 1207 980 omnis

355 1028 478 1115 Dirigit
491 1032 558 1092 buo
569 1045 700 1110 sensus,
720 1027 801 1088 haee
811 1045 892 1086 cura
903 1031 951 1086 est
967 1021 1099 1086 subdita
1113 1021 1219 1104 cordi,

356 1131 514 1215 Quolibet
524 1140 561 1193 ut
574 1127 690 1211 requie
703 1127 795 1190 victu
809 1135 982 1189 contentus
995 1127 1160 1207 abunda,

356 1237 571 1318 lucuudoque
585 1231 875 1321 ligetxlanguentia
888 1251 1031 1315 corpora
1041 1251 1170 1294 somno.
1231 1247 1237 1270 ¹·
1253 1261 1260 1270 ·

248 1399 254 1406 ,
302 1343 307 1355 ’
356 1341 388 1404 Ο
402 1342 564 1423 pecudes,
577 1342 738 1432 oPaues,
752 1349 814 1402 eto
828 1337 1015 1424 gratissima
1029 1340 1161 1420 Tempe·

357 1445 469 1508 Pontis
479 1443 770 1526 Hamadryadum:
788 1462 931 1524 quarum
942 1459 1011 1507 non
1020 1441 1125 1504 divite
1143 1443 1228 1506 cultu

356 1556 515 1619 Aemulus
526 1557 793 1636 Ascraeo-pastor
807 1552 872 1615 sihi
886 1551 1027 1632 quisque
1036 1557 1154 1633 poe'tae
1225 1617 1234 1626 ,
1270 1623 1275 1632 ,

356 1664 511 1726 Securam
522 1662 655 1746 placido
668 1661 809 1725 traducit
821 1670 954 1743 pectore
971 1659 1084 1722 vitam.

356 1771 493 1834 Talibus
502 1771 539 1833 in
551 1768 669 1833 studiis
684 1770 806 1832 haculo
820 1770 900 1830 dum
916 1767 1014 1846 nixus
1028 1767 1158 1850 apricas

356 1875 471 1936 Pastor
481 1873 550 1959 agit
567 1893 680 1956 naras,
695 1883 727 1936 ct
746 1876 825 1942 dum
842 1893 911 1938 nou
921 1883 991 1937 arte
1006 1893 1129 1938 canora

358 1979 538 2060 Compacta
550 1977 684 2041 solitum
699 1979 890 2040 modulatur
905 1978 1068 2042 arundine
1084 1999 1226 2054 carmem

358 2081 481 2144 Tendit
494 2081 663 2144 ineveotus
677 2081 788 2162 radios
801 2081 1004 2164 Hyperionis
1017 2083 1133 2164 ardor,
1251 2097 1299 2142 roo

357 2185 551 2268 Lucidaque
563 2189 718 2249 aethereo
730 2185 825 2266 ponit
841 2184 1034 2250 discrimina
1048 2188 1195 2268 'mundo-¹,

342 2285 346 2293 ’
359 2298 434 2381 Qua
448 2294 527 2360 iacit
537 2297 708 2358 Oceanum
719 2295 867 2357 flammas
880 2294 917 2357 ia
924 2303 1103 2376 utrumque
1114 2289 1249 2378 rapaces.

398 2403 519 2466 Etiam
535 2406 753 2486 compellente
764 2421 867 2490 vagae
877 2415 1007 2488 pastore
1021 2405 1181 2488 capellae
1249 2408 1257 2433 ‘

359 2515 432 2576 Ima
450 2513 646 2577 susurrantis
659 2515 819 2599 repebant
833 2517 876 2576 ad
890 2517 977 2578 vada
989 2517 1166 2599 lymphae,
1183 2533 1187 2542 ·

360 2619 455 2701 Quae
467 2619 578 2684 subter
586 2617 729 2680 viridem
741 2618 928 2682 residebant
945 2621 1076 2682 caerula
1084 2639 1244 2682 museum.

358 2721 431 2782 Iam
441 2720 567 2793 medias
581 2740 725 2804 operum
735 2721 838 2805 partis
850 2731 982 2784 evectus
997 2731 1067 2785 erat
1079 2724 1154 2804 Sol,

360 2833 447 2894 Com
460 2833 576 2919 densas
588 2842 700 2914 pastor
712 2833 855 2914 pecudes
871 2832 1010 2916 cogebat
1020 2830 1058 2908 in
1068 2833 1222 2906 'umbram
1279 2913 1282 2922 ‘
1315 2811 1317 2818 ’

357 2933 399 2994 Et
409 2935 526 3016 procul
537 2935 686 3015 adspexit
700 2935 777 2997 luco
794 2932 937 3000 residere
952 2934 1088 3019 virenti,

358 3040 456 3102 Delia
468 3038 567 3120 Diva,
588 3050 662 3104 tuo:
677 3062 745 3122 quo
761 3047 929 3123 quondam
948 3043 1035 3108 victa
1052 3045 1166 3108 furore
1255 3087 1258 3098 ι

359 3145 461 3210 Venit
472 3147 662 3230 Nyctelium
678 3149 810 3236 lugiens
820 3153 973 3215 Cadmeis
988 3153 1099 3238 Agave
1182 3151 1196 3190 ·'

256 3307 268 3336 ⁸
357 3253 515 3316 infandas
528 3256 684 3318 scelerata
697 3277 815 3320 manus
830 3279 848 3320 e
861 3261 962 3320 caede
977 3266 1132 3326 eruenta:

358 3361 453 3444 Quae
469 3359 589 3447 gelidis
600 3358 758 3423 bacchata
769 3361 855 3446 iugis
868 3360 1030 3442 requievit
1040 3360 1076 3424 in
1087 3371 1194 3424 antro.
1214 3377 1215 3384 ’

357 3463 523 3526 Posterius
533 3482 675 3544 poenam
688 3463 780 3548 gnati
793 3461 827 3526 se
841 3475 947 3528 morte
962 3459 1120 3528 futuram.

357 3563 538 3629 Hic.etiam
555 3567 655 3630 viridi
673 3571 823 3631 ludentes
835 3571 939 3631 Panes
950 3567 986 3630 in
1000 3570 1124 3650 herba,
1237 3574 1241 3582 '

358 3674 400 3734 Et
414 3671 524 3754 Satyri
536 3655 754 3761 Dryadesque
770 3675 887 3736 choros
897 3691 995 3758 egere
1005 3673 1138 3753 puellae
1248 3721 1252 3727 .

302 3863 316 3882 ,
359 3774 524 3844 Naiadum
536 3790 642 3844 coetu.
655 3784 800 3846 Tantum
814 3800 883 3844 non
899 3783 1053 3864 Orpheus
1067 3783 1216 3845 Hebrum

969 4053 1004 4130 'a
