2809 4817
954 444 957 460 ι
1011 410 1077 468 m

204 640 977 765 P.V1RG1L11MARON18

108 867 1076 1095 diuturnos

389 1155 809 1248 LIBERIX.·.

104 1516 258 1662 Arous
269 1602 308 1651 ea
322 1584 452 1653 diverse
465 1587 692 1671 penitusdum
702 1598 797 1673 parte
808 1598 991 1679 geruntur,¹
1025 1656 1031 1665 ,
1078 1584 1081 1587 ’

99 1692 180 1755 Irim
193 1694 239 1757 de
252 1694 346 1757 ooelo
360 1691 449 1757 misit
460 1692 615 1757 &tritula
627 1694 714 1757 Iuno

97 1798 268 1859 Addaoem
279 1798 323 1861 ad
337 1798 499 1863 Turnum.
517 1800 608 1863 Luoo
624 1808 695 1863 tum
708 1798 795 1863 forte
809 1799 958 1883 paremis

97 1902 246 1965 Pilumni
258 1904 391 1968 Turnus
403 1914 529 1969 sacrata
540 1906 629 1970 valle
641 1905 787 1972 sedebat.
904 1952 917 1987 ,

97 2014 149 2074 td
163 2032 266 2093 quem
278 2010 327 2077 sio
341 2030 439 2086 roseo
452 2012 691 2079 Thaumantias
704 2034 763 2077 ore
775 2016 886 2078 locuta
898 2020 963 2079 eat:

95 2118 227 2201 Turne,
240 2119 331 2199 quod
347 2118 476 2201 optanti
494 2118 618 2181 Divom
633 2117 828 2201 promittere
846 2136 948 2182 nemo

95 2225 256 2304 luderet,
268 2224 435 2287 volvenda
448 2222 534 2305 dies,
551 2242 608 2305 en,
625 2221 736 2286 attulit
746 2224 846 2285 ultro.

95 2332 236 2413 Aeneas,
255 2332 357 2411 urbe,
372 2340 405 2393 et
420 2326 533 2414 sociis,
552 2341 584 2394 et
597 2332 698 2395 classe
715 2330 847 2412 relicta,

96 2438 229 2521 Sceptra
242 2436 384 2501 Palatini
403 2438 582 2517 sedemque
598 2432 681 2519 petit
696 2435 854 2499 Evandri.

94 2548 158 2608 Nee
170 2544 267 2609 satis:
280 2553 442 2607 extremas
461 2539 601 2624 Corythi
618 2539 808 2623 penetravit
824 2540 869 2603 ed
881 2540 997 2621 urbes3
1020 2558 1077 2605 ιο·
1182 2577 1184 2586 ·

93 2651 333 2734 Lydorumque
348 2668 504 2729 manum,
522 2649 678 2712 collectos
691 2658 799 2711 armat
812 2646 968 2733 ¹agrestis.

92 2757 182 2842 Quid
198 2755 354 2821 dubitas?
372 2776 462 2843 nuno
480 2766 608 2839 tempus
622 2772 740 2836 equos,
755 2774 848 2817 nuno
862 2774 998 2837 poscere

624 2873 751 2927 currus.

90 2968 225 3052 Rumpe
236 2984 345 3030 moras
356 2964 480 3048 omnis,
496 2974 528 3028 et
538 2968 668 3029 turbata
678 2963 791 3047 arripe
802 2971 917 3029 restra

89 3074 201 3158 Dixit,
219 3073 299 3138 etin
318 3076 449 3138 coelum
467 3073 601 3157 paribus
617 3094 653 3137 se
667 3070 799 3137 sustulit
816 3072 894 3150 alis3

87 3176 332 3267 lugentemque
349 3177 545 3267 fugaseeuit
560 3182 623 3243 sub
637 3177 783 3243 nubibus
797 3196 924 3241 areum.

87 3287 237 3374 Agnovit
245 3286 392 3370 iuvenis,
409 3285 617 3370 duplicisque
633 3288 677 3351 ad
688 3286 799 3349 sidera
816 3289 945 3369 palmas

86 3393 241 3473 Sustulit,
261 3400 294 3457 et
306 3391 367 3455 tali
379 3390 562 3476 fugientem
573 3395 622 3453 est
630 3406 712 3453 voce
722 3399 869 3454 secutus:

84 3498 145 3581 Iri,
162 3500 268 3560 decus
284 3494 387 3577 coeli,
399 3492 474 3576 quis
488 3503 520 3558 te
534 3491 618 3555 mihi
631 3493 777 3558 nubibus
790 3503 898 3556 aotam

83 3581 215 3664 Detulit
230 3599 268 3662 iu
284 3600 409 3663 terras?
426 3602 518 3665 unde
533 3600 616 3661 haec
631 3607 699 3660 tam
713 3602 802 3662 olera
820 3602 960 3682 repente

84 3706 298 3788 Tempestas?
316 3706 463 3769 medium
477 3707 576 3770 video
589 3707 758 3771 discedere
774 3710 922 3792 coelum,
945 3758 948 3761 -

83 3810 300 3893 palantisque
318 3812 398 3896 polo
411 3813 531 3882 atellae.
539 3812 672 3896 'Sequor
681 3812 797 3882 omine
811 3822 924 3897 tenu,
