2809 4817
319 375 548 439 *menn
589 374 655 440 vr.
696 381 821 459 uua
1002 379 1060 445 rsa

44 578 52 601 ,
109 522 263 589 Exciderat
278 518 403 603 puppi,
423 518 542 583 mediis
556 512 678 583 effusus
690 516 727 582 in
746 516 855 581 undis.

96 628 256 695 ‘Huneubi
270 626 327 693 vix
338 628 443 692 multa
459 634 620 689 maestum
633 623 791 711 cognovit
802 623 836 684 in
851 625 988 704 umbrat

108 735 150 798 Sic
158 734 245 816 prior
254 730 468 815 adloquiturr
481 729 565 815 Quis
578 736 625 809 te,
643 727 818 811 Palinure,
829 729 979 793 Deorum

108 824 219 926 Eripuit
237 840 346 922 nobis,
367 839 543 920 medioque
560 840 621 903 sub
639 857 785 919 aequore
798 836 938 901 mersit?

107 950 158 1012 Dic
167 970 233 1037 age.
252 948 404 1029 Namque
415 946 514 1029 mihi,
533 946 635 1011 fallax
644 948 737 1009 haud
751 956 828 1008 ante
841 952 1008 1028 repertus,

107 1056 167 1119 Hoc
178 1073 244 1118 uno
255 1067 414 1136 responso
428 1050 578 1113 animum
593 1050 715 1116 delusit
727 1052 868 1133 Apolloa

109 1160 162 1243 Qui
173 1160 240 1241 iore
257 1169 290 1221 te
301 1168 406 1241 ponto
418 1156 641 1237 ineolumem,
658 1154 802 1236 finisque
816 1156 956 1217 canebat

108 1262 276 1325 Venturum
290 1258 463 1323 Ausonios.
480 1260 531 1323 En
545 1261 628 1321 baec
641 1257 803 1343 promissa
815 1255 897 1319 fides
907 1256 980 1319 esti
1036 1293 1039 1297 2
1082 1342 1088 1351 ι

106 1366 155 1429 ille
169 1378 297 1429 autem:
315 1368 429 1446 Neque
447 1375 477 1428 te
494 1364 621 1429 Phoebi
636 1362 765 1429 cortina
781 1362 917 1444 fefellit,

107 1470 168 1534 Dux
178 1470 392 1553 Anchisiade,
406 1492 468 1533 nee
480 1492 535 1535 me
547 1474 636 1535 Deus
650 1490 796 1553 aequore
810 1471 934 1534 mersit.

107 1574 237 1654 Namque
248 1573 491 1659 gubernaclum
501 1576 606 1638 multa
615 1573 650 1638 vi
663 1572 749 1636 forte
758 1572 944 1655 avolsum,

109 1677 156 1741 Cui
164 1681 254 1742 datus
263 1678 443 1741 haerebam
461 1688 581 1762 custos,
599 1689 780 1761 cursusque
793 1682 967 1767 regebam,

107 1783 310 1867 Praecipitare
323 1780 409 1845 traxi
422 1799 564 1846 mecum.
580 1781 686 1847 Maria
699 1802 815 1867 aspera
827 1784 925 1867 iuro,

106 1890 279 1953 Nonullum
288 1908 350 1972 pro
363 1908 419 1951 me
433 1899 561 1952 tanturn
580 1890 704 1973 cepisse
722 1891 894 1974 timorem,
972 1924 978 1934 ι

107 1994 197 2077 Quam
212 2004 344 2076 tuane,
359 1991 502 2077 spoliata
515 1995 635 2077 armis,
651 2016 788 2059 excussa
807 1996 981 2083 magistro,

106 2096 251 2162 Deficeret
264 2097 362 2165 tantis
376 2098 471 2162 navis
487 2099 700 2187 surgentibus
718 2100 827 2163 undis.
997 2098 1057 2179 864

106 2204 163 2271 Tris
174 2210 276 2271 Notus
290 2207 448 2273 hibernas
463 2207 626 2272 immensa
644 2228 705 2292 per
716 2228 863 2289 aequora
879 2205 987 2270 noetis

106 2306 184 2371 Vexit
193 2330 247 2375 me
260 2310 427 2377 violentus
440 2334 544 2395 aquae
566 2315 624 2379 uix
638 2314 767 2376 lumine
784 2326 903 2394 quarto

105 2412 243 2498 Prospexi
258 2416 405 2499 Italiam,
424 2438 555 2481 summa
566 2417 718 2483 sublimis
734 2421 777 2482 ab
791 2420 908 2484 unda.v

104 2518 248 2585 Paulatim
260 2524 427 2585 adnabam
446 2532 567 2585 terraer
586 2522 653 2585 iarn
672 2533 743 2587 tuta
760 2526 930 2606 tenebamq
1034 2529 1037 2536 ’

104 2625 137 2688 Ni
143 2650 217 2714 gens
229 2629 373 2694 erudelis
384 2630 519 2691 madida
533 2651 611 2692 cum
622 2641 712 2694 veste
721 2639 911 2718 gravatum,

104 2731 364 2815 Prensantemque
376 2734 471 2798 uncis
483 2734 637 2799 manibus
648 2736 757 2820 capita
768 2754 884 2819 aspera
895 2737 1031 2823 montis,
1119 2767 1121 2770 ·
1151 2730 1155 2735 ’

104 2831 379 2919 Ferroinvasisset,
398 2840 624 2921 praedamque
640 2838 758 2927 ignara
778 2850 933 2923 putasset.

104 2934 182 3001 Nune
192 2960 246 3003 rne
256 2941 374 3005 fluetus
384 2942 504 3022 babet,
522 2951 721 3023 versantque
738 2941 775 3005 in
786 2942 883 3006 litore
895 2942 1000 3007 venti.

104 3040 185 3125 Quod
200 3055 231 3109 te
243 3067 305 3129 per
318 3046 402 3109 coeli
415 3046 598 3113 iucundum
614 3048 745 3131 lumen,
764 3058 797 3109 et
810 3068 928 3133 auras,¹

103 3148 152 3210 Per
162 3152 345 3238 genitorem
356 3160 433 3234 orn,
446 3173 508 3236 per
517 3172 591 3235 spes
604 3151 769 3238 surgentis
781 3152 867 3230 1u1i3

102 3248 185 3337 Eripe
200 3276 255 3322 me
270 3258 340 3341 his,
353 3257 491 3341 inuicte,
508 3254 623 3321 malis:
649 3269 707 3321 aut
721 3268 757 3322 tu
773 3258 855 3320 mihi
869 3270 991 3323 terram

102 3353 482 3451 1uiiee,namque=potes‚
499 3373 680 3447 portusque
691 3364 825 3446 require
834 3363 991 3442 Velin0s3

102 3458 154 3525 dut
164 3474 211 3547 tu,
227 3467 256 3533 si
266 3488 333 3551 que
344 3468 400 3531 via
410 3478 475 3549 est,
490 3467 519 3533 si
530 3468 704 3550 quaenunt
713 3468 801 3535 Dira
817 3466 959 3530 creatrix

104 3562 254 3655 Ostendit,
271 3571 522 3658 (nequeenim,
537 3574 652 3657 credo,
665 3573 737 3638 sine
751 3572 1024 3637 numineDivorn

103 3663 238 3737 Flumina
256 3684 348 3741 tanta
362 3696 462 3760 paras
472 3676 692 3764 Stygiamque
707 3678 826 3742 innare
839 3676 1022 3763 paludem)

103 3768 144 3837 Da
156 3780 302 3849 dextram
313 3784 452 3870 misero,
468 3794 504 3851 et
511 3796 620 3857 tecum
632 3806 691 3854 me
704 3788 783 3853 tolle
794 3775 857 3872 per
865 3788 991 3869 undas3

980 3896 986 3942 r
