2809 4817
385 303 638 440 ⁴cunnu
672 351 783 414 usa
1014 358 1073 434 24³

102 496 205 560 Haec
216 489 372 578 suspensa
390 489 477 575 rapit
490 499 645 576 carpente
658 490 956 560 cacuminamorsu

101 601 172 666 Vel
186 598 429 684 salicisllentae,
447 598 502 674 vel
516 585 600 678 quae
612 617 701 660 nova
713 599 858 664 nascitur
867 601 979 680 alnus;

102 705 203 766 Haec
219 711 346 764 teneras
359 699 516 764 fruticum
527 711 636 766 sentes
652 702 806 781 rimatur3
821 711 854 766 ut
864 702 922 767 illa

101 805 313 872 Imminetiu
322 805 388 870 rivi
401 807 597 891 praestantis
614 806 769 894 imaginis
784 811 920 896 undam.

147 917 182 978 Ο
202 916 292 978 bona
301 911 456 998 pastoris,
475 912 595 1003 siquis
607 916 844 1000 ncnipauperis
857 937 954 981 usum

103 1025 225 1085 Mente
240 1019 335 1104 prius
349 1021 445 1084 docta
458 1017 617 1102 fastidiat,
635 1030 668 1084 et
681 1023 800 1104 probet
811 1022 878 1090 illis

105 1128 239 1221 Omnia
249 1127 400 1196 luxuriae
409 1124 523 1211 pretiis
533 1126 703 1214 incognita
722 1128 830 1212 curis,

105 1237 206 1320 Quae
219 1235 366 1298 lacerant
383 1233 496 1298 avidas
512 1232 650 1296 inimico
664 1243 798 1318 pectore
816 1245 951 1302 mentes.

77 1378 86 1395 ·
105 1339 231 1403 Sinon
246 1338 383 1422 Assyrio
395 1337 519 1406 luerint
536 1338 587 1402 bis
605 1322 697 1403 lauta
711 1340 838 1422 colore,

106 1448 261 1514 Attalicis
272 1446 391 1531 opibus
401 1447 499 1530 data,
510 1449 651 1526 vellera3
666 1447 695 1510 si
709 1448 797 1512 nitor
809 1447 883 1512 auri
934 1452 939 1466 ¹

106 1555 178 1618 Sub
194 1555 351 1634 laqueare
362 1553 480 1618 domus
492 1552 643 1617 animum
661 1573 729 1618 non
747 1552 852 1641 tangit
865 1573 1021 1634 avaruma
1064 1617 1067 1624 .

107 1657 329 1738 Picmraeque
341 1657 458 1737 decus,
474 1655 625 1738 lapidum
641 1677 701 1722 nec
714 1657 827 1746 fulgor
842 1657 959 1724 inulla

108 1755 423 1846 Cognitusutilitate
434 1767 564 1836 manet;
577 1779 639 1820 nec
648 1759 770 1842 pocula
783 1768 913 1848 gratum

109 1867 248 1934 Alconis
257 1867 405 1958 *referent
420 1845 577 1948 Boetique
597 1875 763 1930 toreuma:
784 1889 847 1934 nec
862 1867 939 1932 Indi
1058 1929 1061 1936 .

109 1978 268 2042 Conchea
278 1976 379 2047 bacca
394 1972 493 2036 maris
502 1974 610 2056 pretio
623 1985 687 2037 este
706 1985 741 2036 at
750 1987 882 2056 pectore
891 1995 978 2058 puro

108 2084 217 2165 Saepe
230 2102 329 2164 super
344 2092 457 2142 tenero
466 2078 643 2160 prosternit
655 2078 807 2165 gramine
821 2099 957 2161 conpus3
1036 2081 1074 2145 68

18 2194 20 2201 ’
110 2189 245 2273 Florida
257 2208 332 2250 eum
348 2186 445 2251 tellus
457 2183 656 2268 gemmantis
665 2184 755 2268 picta
764 2204 825 2268 per
838 2186 957 2250 herbas

111 2294 199 2357 Vere
215 2302 307 2353 notat
319 2287 412 2353 dulei
426 2285 576 2352 distincta
589 2287 756 2352 coloribus
771 2308 851 2352 arva
861 2269 881 2365 ς’

110 2392 344 2475 Atqueillum,
363 2379 491 2455 calamo
502 2390 626 2455 laetum
635 2389 803 2461 recinente
814 2390 972 2474 palustri,
1020 2458 1021 2467 χ

112 2498 256 2584 otiaque
269 2494 397 2581 invidia
409 2476 584 2582 degentem
596 2514 635 2560 ao
646 2494 763 2560 fraude
777 2505 918 2580 remota,

111 2604 362 2687 Pollentemque
378 2603 462 2686 sibi,
478 2600 580 2666 viridi
593 2621 671 2665 cum
681 2601 821 2686 palmite
834 2605 950 2670 lucens
1060 2650 1064 2695 t

112 2707 246 2771 Tmolia
261 2707 441 2791 pampineo
458 2709 571 2774 subter
588 2725 684 2770 coma
694 2705 783 2790 velat
800 2705 934 2770 amictu.

112 2819 169 2882 Illi
181 2803 260 2883 sunt
272 2828 386 2904 gnatae
399 2827 552 2899 rmautes
569 2820 654 2894 lactc
672 2819 838 2906 capellae,
931 2810 946 2907 'N
981 2809 985 2818 ’

112 2928 153 2990 Et
163 2910 296 3008 nemus,
311 2935 343 2988 et
355 2916 498 3011 fecunda
509 2912 621 3008 Pala,
635 2934 670 2988 et
681 2925 824 2990 vallibus
838 2922 913 2992 imis

113 3034 250 3114 Semper
263 3021 376 3114 opaca*
385 3029 481 3096 novis
494 3029 663 3108 manantia
673 3028 821 3094 fontibus
837 3038 942 3094 antra.

114 3136 198 3222 Quis
217 3138 321 3224 magis
338 3145 451 3220 optato
469 3151 568 3220 queat
582 3158 650 3205 esse
664 3137 793 3204 beatior
808 3158 905 3220 aevo,

55 3270 58 3278 ¹
115 3245 226 3330 Quam
240 3242 298 3323 qni
308 3252 419 3306 mente
431 3243 548 3324 procul
559 3263 644 3325 pura
653 3263 818 3323 sensuque
833 3223 1007 3326 probando

115 3351 192 3412 Non
204 3348 318 3428 auidas
329 3327 465 3434 agnovit
478 3366 572 3430 opes3
591 3367 661 3418 non
671 3349 775 3413 tristia
789 3348 890 3428 bella,

115 3457 184 3518 Nec
194 3455 323 3518 funesta
339 3453 431 3518 timet
444 3454 575 3516 validae
588 3453 768 3519 certamina
782 3451 917 3529 'classisa
968 3521 972 3532 ,

115 3563 206 3645 Non,
221 3559 336 3643 spoliis
352 3561 433 3624 dum
442 3568 556 3625 sancta
567 3555 672 3622 Dettm
685 3556 890 3642 fulgentibus
904 3562 1000 3622 ornet

116 3666 273 3747 Templa,
288 3665 342 3728 vel
355 3674 486 3728 evectus
498 3660 599 3725 finem
610 3664 817 3730 tramcendat
831 3659 997 3741 habendi,

118 3770 302 3834 Advemum
316 3768 424 3834 saevis
438 3768 526 3830 ultio
542 3778 641 3849 caput
653 3765 803 3832 hostibus
817 3761 925 3830 offert.

324 4059 331 4074 Α

341 4141 346 4154 Ι
438 4092 459 4137 .
491 4140 495 4153 Ι
