2809 4817
205 370 208 378 ‘
247 386 249 389 ·
337 362 543 427 LLBER
583 362 649 427 vl.
688 380 722 424 v.
746 362 814 427 150.
996 387 1053 452 147

101 508 182 590 (Heu
196 504 329 591 nescis)
347 514 517 587 totamque
533 504 671 569 incestat
684 506 804 572 funere
817 506 970 589 classem
1044 593 1047 596 ι

100 610 174 673 Dum
192 610 342 673 consulta
357 607 460 691 petis,
482 618 668 698 nostroque
676 608 714 673 in
727 611 845 676 limine
857 617 991 697 pendes.

100 714 225 777 Sedibus
234 716 326 777 hune
340 712 428 775 refer
438 722 515 777 ante
526 712 610 795 suis,
622 722 656 777 et
670 715 778 779 conde
786 719 951 801 sepulcro.

101 822 163 884 lluc
176 820 288 907 nigras
297 820 458 903 pecudes:
476 839 516 883 ea
530 819 639 904 prima
650 820 783 902 piacula
796 805 906 885 sunto.

102 925 145 987 Sic
158 928 290 989 demum
301 925 395 989 lucos
407 924 556 1013 Stygios,
570 944 673 1013 regna
688 925 780 989 invia
798 927 900 1013 rivis,

101 1016 267 1113 idspioies.
283 1028 397 1113 Dixit,
409 1050 588 1113 pressoque
605 1032 773 1096 obmutuit
790 1051 859 1097 ore.

136 1139 255 1200 Aeneas
272 1145 397 1203 maesto
412 1134 539 1219 defixus
553 1139 686 1204 lumine
698 1141 796 1204 voltu
888 1174 893 1183 ·

103 1240 297 1328 Ingreditur,
310 1240 467 1322 linquens
481 1253 630 1321 antrum
649 1262 829 1324 caecosque
846 1242 976 1310 volutat

103 1354 233 1416 Eventus
245 1352 359 1417 animo
369 1373 492 1433 secum.
506 1354 571 1421 Cui
582 1352 668 1419 fidus
688 1356 828 1421 Achates

103 1461 128 1523 It
139 1480 256 1544 comes,
274 1470 306 1525 et
320 1460 457 1545 paribus
470 1463 558 1529 ouria
577 1461 717 1551 uestigia
729 1460 813 1549 figit.

103 1569 371 1637 Multaintersese
383 1568 478 1634 vario
491 1589 646 1640 sermone
662 1572 837 1635 serebant:

105 1675 201 1759 Quem
215 1670 343 1739 socium
359 1673 547 1737 exanimem
562 1684 668 1757 vates,
691 1677 784 1757 quod
799 1695 921 1762 corpus

618 1785 829 1848 humandum
887 1766 890 1772 ¹
1032 1775 1036 1781 ¹

104 1890 232 1957 Diceret.
245 1892 353 1973 Atque
369 1890 423 1954 illi
435 1889 601 1955 Misenum
614 1890 651 1955 in
665 1892 762 1957 litore
775 1885 885 1979 sicco,

104 1998 139 2061 Ut
151 2018 284 2081 uenere,
298 1995 414 2059 vident
423 1995 562 2083 indigna
577 2004 684 2061 morte
700 2008 905 2080 peremtum3

104 2101 255 2168 Misenum
265 2102 444 2167 Aeolidem
465 2122 531 2183 quo
546 2119 616 2165 non
633 2102 853 2185 praestantior
866 2107 950 2169 alter
997 2109 1059 2186 164

105 2207 175 2270 dere
186 2204 274 2271 ciere
287 2206 391 2288 viros,
409 2208 620 2285 Martemque
635 2206 816 2269 ascendere
830 2215 954 2278 canor„
995 2262 1013 2271 ..

105 2308 241 2373 Hectoris
252 2307 432 2396 hicmagni
447 2309 556 2373 fuerat
569 2326 694 2385 comere
711 2308 860 2373 Hectora
868 2308 996 2375 circum

106 2412 224 2511 Etlituo
238 2431 369 2501 pugnas
383 2410 522 2507 insignis
536 2409 650 2475 obibat
660 2411 818 2476 ebbastae

106 2520 269 2601 Postquam
282 2518 381 2581 illum
393 2518 462 2582 vita
473 2516 581 2587 victor
595 2515 752 2599 spoliavit
768 2516 929 2602 Achilles,

106 2623 262 2687 Dardanio
276 2626 407 2687 Aeneae
419 2642 489 2688 sese
503 2621 697 2687 fortissimus
710 2625 809 2687 beros

36 2788 38 2795 s
106 2727 274 2792 Addiderat
291 2726 437 2809 socium,
453 2746 523 2791 non
539 2726 699 2792 inferiora
712 2739 855 2794 secutus.
952 2809 958 2819 θ

107 2834 159 2897 Sed
170 2845 257 2919 tum,
272 2835 357 2901 forte
367 2854 448 2899 cava
457 2838 538 2899 dum
548 2847 703 2919 personet
713 2854 860 2919 aequora
869 2840 1014 2926 concha,

106 2941 252 3027 Demens,
267 2953 300 3007 et
311 2953 409 3007 cantu
421 2954 517 3008 uocat
531 2944 569 3007 in
583 2943 763 3008 certamina
772 2945 893 3029 Divos,

106 3047 251 3115 Aemulus
267 3058 442 3133 exceptum
456 3048 573 3113 Triton
585 3048 637 3133 (ai
653 3051 788 3140 credere
800 3050 941 3139 dignum
953 3052 1024 3141 est)

105 3148 183 3215 Inter
192 3174 272 3218 saxa
285 3148 396 3217 viruin
411 3173 567 3236 spumosa
578 3150 785 3217 immerserat
800 3155 903 3243 unda
918 3210 921 3218 .

104 3255 180 3343 Ergo
193 3278 311 3322 omnes
327 3277 450 3345 magno
462 3257 587 3323 circum
603 3259 747 3322 elamore
758 3260 961 3340 fremebant3

105 3362 274 3448 Praecipue
289 3364 364 3447 pius
373 3367 510 3428 Aeneas.
526 3366 613 3427 Tum
627 3363 716 3428 iussa
732 3364 900 3448 Sibyllae,

104 3470 191 3535 Haud
203 3490 317 3556 mora,
332 3472 488 3540 festinant
500 3472 626 3555 flentes,
639 3488 801 3553 aramque
809 3472 954 3559 sepulcri

106 3576 282 3666 congerere
300 3572 488 3663 arboribus,
506 3578 665 3662 coeloque
677 3582 817 3645 educere
826 3590 963 3646 certant.

105 3679 167 3744 ltur
177 3684 214 3747 in
227 3683 400 3765 antiquam
413 3684 547 3765 silvam,
562 3686 691 3747 stabula
705 3684 773 3748 alta
782 3685 949 3749 ferarum:

105 3788 324 3859 Procumbunt
340 3792 472 3881 piceae,
491 3802 587 3860 sonat
601 3791 666 3859 ieta
680 3792 851 3861 seturibus
862 3791 948 3870 ilex3
