2809 4817
351 356 410 420 εει
632 355 708 418 cu
728 353 756 416 L
776 355 803 414 c
822 353 862 416 x.
902 337 937 415 νς
955 355 1026 428 ³41.
1124 320 1128 329 '

223 565 231 578 Ι
348 494 525 583 Frangitur
534 495 680 560 invidiae
689 495 758 558 telo
772 496 880 556 decus.
900 494 972 556 Ibat
983 491 1019 554 in
1032 491 1139 554 altum

349 605 410 670 vis
420 610 524 690 Argea
536 612 650 686 petens
662 583 819 683 patriam,
831 596 995 677 ditataque
1007 600 1133 682 pracda
1242 595 1249 599 ’

349 709 443 772 Αισίε
454 704 702 768 Erichthoniaez
720 723 828 766 comes
840 694 918 778 huic
930 711 1088 763 crataura
1104 702 1254 768 secund·
1342 745 1351 752 -

350 819 413 879 Per
424 792 596 898 placidum
603 833 699 876 cursu
711 813 847 896 pelagus
858 830 867 888 3
884 811 996 872 Nereis
1009 811 1052 870 ad
1065 811 1173 873 undas

349 918 451 1005 Signa
460 920 573 999 dabat,
584 937 660 1000 pars
673 915 801 977 inflexis
814 931 913 996 super
926 921 998 975 acta
1011 910 1131 984 carinis
1140 933 1154 993 ς·

351 1024 455 1101 Cum,
465 1043 522 1085 scu
534 1020 666 1086 coelesti
678 1021 760 1100 fate,
774 1039 830 1082 seu
843 1015 958 1080 sideris
970 1027 1066 1100 ortu,

351 1131 505 1210 Undique
519 1140 665 1192 mutatur
675 1125 761 1192 coeli
777 1126 884 1203 nitor3
900 1124 1014 1196 omnia
1024 1124 1148 1206 ventis,

352 1234 476 1299 Omnia
482 1232 763 1308 turbinibus.sunt
775 1229 883 1292 auxia.
898 1231 969 1290 Iam
979 1228 1078 1292 maris
1095 1225 1188 1294 unde

352 1337 522 1404 Sideribus
534 1345 637 1401 certat
646 1355 858 1420 consurgere3
870 1331 1004 1413 iamque
1015 1355 1159 1418 superne

253 1514 256 1522 ¹
352 1445 516 1506 Corruere
525 1449 560 1504 et
569 1439 732 1518 Soliis‚et
743 1438 851 1502 sidera
866 1447 1000 1517 cuncta,
1017 1435 1200 1502 minantur.

351 1549 400 1610 Ac
413 1545 552 1608 venitin
567 1556 668 1609 terres
678 1543 764 1608 'coeli
777 1543 898 1628 fragor.
912 1543 985 1604 Hoc
998 1543 1099 1606 modo
1110 1545 1198 1606 laeta

354 1649 460 1732 Copia
472 1669 563 1712 nuuc
574 1647 704 1712 miseris
714 1648 937 1712 circumdatur
949 1644 1047 1708 anxia
1059 1643 1153 1726 fatis,

352 1754 611 1834 Immoriturque
620 1771 720 1834 super
730 1755 863 1833 fluctus,
875 1758 908 1814 et
916 1769 993 1814 saxa
1001 1746 1185 1832 Capherei,

353 1862 516 1924 Euboicas
529 1871 562 1922 et
577 1880 638 1943 per
653 1869 764 1922 cautes
777 1862 972 1940 Heraeaque
985 1859 1050 1921 late

352 1965 480 2028 Litora:
495 1985 572 2027 cum
587 1964 752 2048 Phrygiae
762 1963 884 2046 passim
894 1983 978 2050 vaga
990 1963 1114 2045 praeda
1126 1968 1300 2046 peremtae

354 2071 506 2134 Fluctuat
515 2070 624 2134 omnis
635 2070 672 2133 in
684 2089 850 2151 aequoreo
862 2069 928 2132 iam
941 2063 1103 2156 naufraga
1119 2080 1239 2134 tractu.
1252 2067 1325 2134 ‘356

228 2226 244 2243 .,
355 2170 421 2240 Hic
436 2176 494 2240 alii
506 2176 618 2242 sidunt
633 2177 755 2261 pariles
765 2175 894 2242 virtutis
910 2178 1039 2240 honore

355 2282 496 2363 Hero‘es,
511 2276 697 2362 mediisque
710 2279 765 2344 siti
777 2290 853 2344 sunt
864 2279 996 2346 sedibus
1008 2301 1144 2346 omnes:

357 2386 476 2450 Omnis
485 2389 593 2449 Roma
602 2387 702 2448 decus
717 2387 830 2472 magni
845 2403 926 2466 quos
938 2385 1073 2468 suspicit
1087 2384 1187 2450 ochis.

356 2484 422 2554 Hic
432 2490 729 2571 Fabii‚Deciique;
743 2484 798 2552 hic
811 2498 858 2552 est
871 2499 903 2551 et
914 2488 1051 2550 Horatia
1064 2490 1189 2569 virtus3

356 2591 421 2661 Hic
437 2610 469 2660 et
484 2598 572 2659 fama
585 2605 679 2660 vetus
692 2615 865 2676 uunquam
878 2593 1037 2658 moritura
1049 2597 1204 2677 Camilli;
1227 2655 1232 2665 i

357 2701 490 2766 Curtius
503 2712 554 2784 et,
565 2702 681 2766 mediis
695 2723 795 2783 quem
812 2701 980 2784 quondam
992 2703 1125 2770 sedibus
1138 2706 1251 2796 urbis..

357 2809 521 2870 Devotum
537 2810 635 2872 bellis
650 2808 827 2874 consumsit
842 2808 982 2896 gurgitis
995 2813 1150 2890 haustus3

357 2916 487 2978 Mucius
508 2923 540 2976 et
553 2917 699 2996 prudens
712 2917 865 2980 ardorem
881 2937 1019 3001 corpore
1030 2939 1163 3003 passus,

358 3015 519 3101 legitime
532 3015 625 3080 cessit
638 3017 693 3079 cui
708 3019 811 3088 fracta
826 3019 973 3103 potentia
984 3021 1095 3107 Regis.

359 3117 423 3186 Hic
434 3120 552 3184 Curius
566 3124 673 3187 clarae
686 3125 794 3190 socius
803 3126 948 3210 virtutis,
957 3137 990 3192 et
1003 3129 1060 3192 ille

276 3241 280 3248 ’
361 3227 554 3311 Flaminius,
564 3231 683 3294 devota
699 3233 791 3296 dedit
806 3234 864 3314 qui
879 3253 1018 3317 corpora
1027 3237 1193 3320 flammae.

299 3374 304 3382 -
359 3335 436 3397 lure
446 3334 547 3422 igitur
566 3335 637 3418 talis
648 3338 740 3400 sedes
755 3338 884 3420 pietatis
897 3342 1050 3402 honorat.

341 3490 344 3495 ,
360 3438 433 3500 mic
444 3439 681 3522 Scipiadaeque
692 3443 809 3504 duces:
820 3444 938 3506 devota
950 3443 1124 3526 triumphis

361 3545 493 3607 Moenia
509 3566 592 3626 quos
603 3547 736 3627 rapidos
747 3548 890 3632 Libycae
898 3550 1104 3637 Carthaginis
1118 3554 1273 3620 horrent.

361 3649 416 3712 llli
428 3651 527 3714 laude
541 3672 602 3714 sua
614 3651 766 3737 vigeant:
783 3676 845 3741 ego
857 3656 942 3722 Ditis
956 3677 1076 3739 opacos

362 3755 471 3842 Cogor
483 3754 576 3822 adire
592 3758 699 3842 lacus,
716 3759 835 3824 viduos
847 3781 867 3824 a
879 3761 1005 3826 lumine
1015 3765 1158 3850 Phoebi,
