2809 4817
261 321 267 336 ‘
382 347 692 417 c1ssa1x.
733 359 856 440 ens.
1024 368 1083 445 2³7

111 484 271 551 Invisum
286 488 350 554 hoc
363 492 501 559 detrude
514 504 612 579 eaput
625 500 686 561 sub
704 500 842 566 Tartara
859 497 941 581 telo;
987 540 992 547 ·

112 595 265 677 Quando
281 594 376 657 aliter
389 616 518 677 nequeo
532 602 700 665 crudelem
715 607 915 689 abrumpere
927 608 1039 693 vitam.

112 697 195 757 Hoc
210 695 289 759 fletu
310 698 591 782 concussi-animi,
605 714 813 787 maestusque
821 710 999 790 peremnis

111 803 147 863 It
161 804 322 888 gemitus;
335 815 467 889 torpent
478 806 636 871 infractae
649 813 692 873 ad
700 812 829 895 proelia
842 813 941 888 vires.

113 912 217 973 Illam
232 911 465 979 incendentem
473 919 584 986 luctus
599 920 717 985 Idaeus
729 933 761 984 et
775 926 890 1005 Actor,

112 1014 239 1079 Ilionei
255 1020 384 1083 monitu
405 1032 444 1084 et·
455 1022 596 1087 multum
612 1025 815 1092 lacrimantis
830 1032 915 1112 Iuli,

115 1118 326 1207 Corripiunt,
343 1126 494 1209 interque
507 1149 624 1195 manus
634 1136 694 1197 sub
709 1145 792 1198 tecta
809 1148 986 1219 reponunt
1078 1160 1082 1168 ·

157 1233 200 1293 At
215 1235 294 1295 tuba
311 1234 491 1299 terribilem
506 1240 653 1303 'sonitum
669 1244 787 1325 procul
806 1265 881 1308 aere
896 1265 1018 1309 canoro
1062 1265 1067 1272 “

114 1336 298 1420 increpuit.
313 1338 468 1422 Sequitur
483 1347 622 1431 clamor,
642 1352 839 1433 coelumque
852 1354 1007 1439 remugit.

116 1443 310 1505 Accelerant
327 1456 399 1508 aeta
411 1448 540 1529 *pariter
553 1451 716 1515 testudine
732 1454 867 1532 Volscis

114 1550 156 1609 Et
172 1550 274 1613 fossas
284 1550 423 1633 implere
433 1564 568 1639 parant,
590 1576 628 1621 ac
646 1560 923 1623 vellerevallum.
999 1622 1004 1628 .

117 1657 292 1739 Quaerunt
308 1678 384 1740 pars
397 1658 544 1741 aditum,
566 1671 598 1722 et
613 1661 710 1733 scalis
724 1664 900 1725 mcendere
912 1682 1049 1744 marces.

116 1763 190 1846 Qua
208 1781 284 1827 rara
299 1772 347 1825 cst
364 1762 463 1843 acies,
484 1763 725 1847 interlucetque
739 1785 863 1829 corona

114 1868 190 1931 Non
204 1876 273 1928 tam
288 1866 391 1949 spissa
404 1868 494 1931 viris.
508 1870 666 1933 Telorum
681 1866 852 1953 effundere
872 1879 988 1935 nonna

116 1974 225 2037 Omne
237 1994 341 2060 genus
350 1972 484 2056 Teucri,
503 1995 541 2037 ac
554 1970 646 2038 duris
655 1975 829 2037 detrudere
842 1975 962 2057 contis,

116 2078 251 2144 adsueti
266 2081 367 2165 longo
386 2090 499 2143 muros
515 2080 692 2143 defendere
706 2082 808 2146 bello.
840 2120 846 2128 ι
1013 2082 1072 2147 fin

114 2186 197 2247 Saxa
212 2204 347 2285 quoquq
361 2182 480 2247 infesto
496 2184 675 2246 volvebant
689 2186 853 2265 pondere,
868 2183 975 2266 siqua
1070 2211 1073 2217 ·
1145 2215 1148 2222 ·

115 2294 249 2354 Possent
265 2298 381 2355 tectam
393 2290 498 2353 aciem
507 2300 739 2371 perrumpere:
752 2308 829 2351 cum
840 2299 951 2353 tamen
961 2290 1072 2355 omnis

114 2398 211 2459 Ferre
225 2395 317 2457 iuvat
332 2397 443 2459 subter
460 2396 561 2456 densa
577 2391 738 2455 testudine
757 2411 859 2457 casus.

114 2497 545 2578 Neciamsuffieiunsnam,
557 2493 1053 2583 quaglobusimminetingens,

114 2608 299 2670 Immunem
310 2606 430 2670 Teucri
443 2608 566 2669 molem
581 2606 786 2685 volvuntque
799 2612 984 2684 ruuntque:
1048 2640 1053 2647 1
1070 2632 1074 2635 ·

115 2712 209 2796 Quae
226 2709 341 2773 stravit
355 2710 497 2771 Rutulos
512 2710 592 2792 late,
609 2726 844 2788 armorumque
857 2710 992 2771 resolvit

114 2818 286 2906 Tegmina.
304 2818 372 2893 Nec
385 2827 501 2880 curant
517 2836 613 2879 caeco
628 2818 825 2879 contendere
839 2817 945 2879 Marte

114 2924 265 3009 Amplius
278 2925 419 2987 audaces
436 2922 570 3007 Rutuli,
580 2924 644 2988 sed
655 2924 778 3006 pellere
791 2923 881 2985 vallo

114 3029 293 3093 Missilibus
308 3036 444 3091 certant.
661 3015 674 3025 ⁴

112 3139 209 3200 Parte
221 3136 286 3223 alia
299 3136 485 3199 horrendus
497 3135 569 3197 visu
586 3135 758 3221 quassabat
773 3135 944 3198 Etruscam

112 3244 248 3327 Pinum,
266 3254 297 3307 et
313 3243 483 3307 fumiferos
501 3242 600 3305 infert
617 3242 797 3305 Mezentius
814 3242 919 3327 ignis3

113 3349 154 3409 At
166 3351 335 3428 Messapus
345 3344 466 3427 equdm
477 3345 633 3427 domitor,
649 3346 812 3428 Neptunia
825 3348 953 3429 proles,

112 3450 283 3513 Rescindit
299 3452 441 3533 vallum,
459 3460 492 3512 et
504 3451 607 3512 scalas
620 3448 656 3511 in
668 3449 800 3512 moenia
813 3450 928 3531 poscit.

153 3560 237 3639 Vos,
256 3576 278 3619 o
294 3558 458 3641 Calliope,
470 3576 604 3641 precor,
626 3556 790 3637 adspirate
807 3554 953 3633 canenti3

113 3666 202 3749 Quas
217 3663 267 3726 ibi
286 3674 364 3727 tune
375 3666 462 3728 ferro
476 3674 614 3749 strages,
635 3683 720 3743 quae
738 3662 855 3754 funera
865 3665 1001 3726 Turnus·
1020 3655 1026 3660 ’

111 3768 277 3849 ediderit,
294 3788 394 3850 quem
409 3770 548 3861 quisque
565 3769 677 3833 virum
691 3768 860 3834 demiserit
877 3769 983 3832 Orco:
1073 3828 1078 3837 ,
