<?xml version="1.0" encoding="UTF-8"?>
<!DOCTYPE html PUBLIC "-//W3C//DTD XHTML 1.0 Transitional//EN"
    "http://www.w3.org/TR/xhtml1/DTD/xhtml1-transitional.dtd">
<html xmlns="http://www.w3.org/1999/xhtml" xml:lang="en" lang="en">
 <head>
  <title>
</title>
<meta http-equiv="Content-Type" content="text/html;charset=utf-8" />
  <meta name='ocr-system' content='tesseract 3.04.00' />
  <meta name='ocr-capabilities' content='ocr_page ocr_carea ocr_par ocr_line ocrx_word'/>
</head>
<body>
  <div class='ocr_page' id='page_1' title='image "./pvirgiliimaroni00clasgoog/pvirgiliimaroni00clasgoog_0370.png"; bbox 0 0 2809 4817; ppageno 0'>
   <div class='ocr_carea' id='block_1_1' title="bbox 258 293 1069 429">
    <p class='ocr_par' dir='ltr' id='par_1_1' title="bbox 258 293 1069 429">
     <span class='ocr_line' id='line_1_1' title="bbox 258 293 1069 429; baseline -0.006 -27"><span class='ocrx_word' id='word_1_1' title='bbox 258 333 261 340; x_wconf 89' lang='grc'><strong><em>·</em></strong></span> <span class='ocrx_word' id='word_1_2' title='bbox 349 341 410 402; x_wconf 80' lang='lat' dir='ltr'>seo</span> <span class='ocrx_word' id='word_1_3' title='bbox 644 293 1005 417; x_wconf 52' lang='lat' dir='ltr'>orntum,</span> <span class='ocrx_word' id='word_1_4' title='bbox 1067 419 1069 429; x_wconf 22' lang='grc' dir='ltr'>Ι</span> 
     </span>
    </p>
   </div>
   <div class='ocr_carea' id='block_1_2' title="bbox 257 473 1291 3814">
    <p class='ocr_par' dir='ltr' id='par_1_2' title="bbox 348 473 1239 561">
     <span class='ocr_line' id='line_1_2' title="bbox 348 473 1239 561; baseline -0.011 -17"><span class='ocrx_word' id='word_1_5' title='bbox 348 481 433 544; x_wconf 83' lang='lat' dir='ltr'>cum</span> <span class='ocrx_word' id='word_1_6' title='bbox 450 476 737 561; x_wconf 81' lang='lat' dir='ltr'>lapsaemanibus</span> <span class='ocrx_word' id='word_1_7' title='bbox 753 474 838 560; x_wconf 87' lang='lat' dir='ltr'>fugit</span> <span class='ocrx_word' id='word_1_8' title='bbox 849 473 933 558; x_wconf 82' lang='lat' dir='ltr'>pila,</span> <span class='ocrx_word' id='word_1_9' title='bbox 951 492 1094 554; x_wconf 84' lang='lat' dir='ltr'>eumque</span> <span class='ocrx_word' id='word_1_10' title='bbox 1113 473 1239 557; x_wconf 76' lang='lat' dir='ltr'>relapsa</span> 
     </span>
    </p>

    <p class='ocr_par' dir='ltr' id='par_1_3' title="bbox 348 579 1165 668">
     <span class='ocr_line' id='line_1_3' title="bbox 348 579 1165 668; baseline -0.007 -22"><span class='ocrx_word' id='word_1_11' title='bbox 348 582 515 646; x_wconf 88' lang='lat' dir='ltr'>Procurrit</span> <span class='ocrx_word' id='word_1_12' title='bbox 529 581 639 668; x_wconf 85' lang='lat' dir='ltr'>virgo:</span> <span class='ocrx_word' id='word_1_13' title='bbox 659 599 726 661; x_wconf 92' lang='lat' dir='ltr'>quo</span> <span class='ocrx_word' id='word_1_14' title='bbox 741 579 868 656; x_wconf 82' lang='lat' dir='ltr'>utinam</span> <span class='ocrx_word' id='word_1_15' title='bbox 883 601 926 642; x_wconf 86' lang='lat' dir='ltr'>ne</span> <span class='ocrx_word' id='word_1_16' title='bbox 935 580 1067 661; x_wconf 85' lang='lat' dir='ltr'>prodita</span> <span class='ocrx_word' id='word_1_17' title='bbox 1081 581 1165 642; x_wconf 89' lang='lat' dir='ltr'>ludo</span> 
     </span>
    </p>

    <p class='ocr_par' dir='ltr' id='par_1_4' title="bbox 348 687 1204 780">
     <span class='ocr_line' id='line_1_4' title="bbox 348 687 1204 780; baseline -0.006 -28"><span class='ocrx_word' id='word_1_18' title='bbox 348 692 457 753; x_wconf 78' lang='lat' dir='ltr'>Aurea</span> <span class='ocrx_word' id='word_1_19' title='bbox 473 699 540 753; x_wconf 82' lang='lat' dir='ltr'>um</span> <span class='ocrx_word' id='word_1_20' title='bbox 551 687 667 776; x_wconf 82' lang='lat' dir='ltr'>gracili</span> <span class='ocrx_word' id='word_1_21' title='bbox 680 687 828 752; x_wconf 80' lang='lat' dir='ltr'><strong>solvisset</strong></span> <span class='ocrx_word' id='word_1_22' title='bbox 847 705 986 770; x_wconf 84' lang='lat' dir='ltr'>corpora</span> <span class='ocrx_word' id='word_1_23' title='bbox 995 689 1105 780; x_wconf 82' lang='lat' dir='ltr'>palla!</span> <span class='ocrx_word' id='word_1_24' title='bbox 1200 765 1204 774; x_wconf 94' lang='lat'>.</span> 
     </span>
    </p>

    <p class='ocr_par' dir='ltr' id='par_1_5' title="bbox 349 789 1263 879">
     <span class='ocr_line' id='line_1_5' title="bbox 349 789 1263 879; baseline -0.004 -22"><span class='ocrx_word' id='word_1_25' title='bbox 349 791 581 874; x_wconf 87' lang='lat' dir='ltr'>Omnia‚quae</span> <span class='ocrx_word' id='word_1_26' title='bbox 597 789 739 856; x_wconf 90' lang='lat' dir='ltr'>retinere</span> <span class='ocrx_word' id='word_1_27' title='bbox 754 793 910 879; x_wconf 53' lang='lat' dir='ltr'>pedum,</span> <span class='ocrx_word' id='word_1_28' title='bbox 927 811 1128 871; x_wconf 86' lang='lat' dir='ltr'>cursumque</span> <span class='ocrx_word' id='word_1_29' title='bbox 1138 791 1263 856; x_wconf 86' lang='lat' dir='ltr'>morari</span> 
     </span>
    </p>

    <p class='ocr_par' dir='ltr' id='par_1_6' title="bbox 348 899 1238 982">
     <span class='ocr_line' id='line_1_6' title="bbox 348 899 1238 982; baseline -0.003 -18"><span class='ocrx_word' id='word_1_30' title='bbox 348 901 501 981; x_wconf 84' lang='lat' dir='ltr'>Possent,</span> <span class='ocrx_word' id='word_1_31' title='bbox 513 920 536 962; x_wconf 95' lang='lat' dir='ltr'>o</span> <span class='ocrx_word' id='word_1_32' title='bbox 550 905 658 964; x_wconf 81' lang='lat' dir='ltr'>tecum</span> <span class='ocrx_word' id='word_1_33' title='bbox 671 899 792 962; x_wconf 68' lang='lat' dir='ltr'>vellem</span> <span class='ocrx_word' id='word_1_34' title='bbox 808 908 864 960; x_wconf 84' lang='lat' dir='ltr'>tue</span> <span class='ocrx_word' id='word_1_35' title='bbox 878 919 1009 982; x_wconf 87' lang='lat' dir='ltr'>semper</span> <span class='ocrx_word' id='word_1_36' title='bbox 1021 902 1179 963; x_wconf 85' lang='lat' dir='ltr'>haberes!</span> <span class='ocrx_word' id='word_1_37' title='bbox 1235 934 1238 949; x_wconf 62' lang='grc' dir='ltr'><strong><em>ι</em></strong></span> 
     </span>
    </p>

    <p class='ocr_par' dir='ltr' id='par_1_7' title="bbox 348 1007 1136 1092">
     <span class='ocr_line' id='line_1_7' title="bbox 348 1007 1136 1092; baseline 0.001 -22"><span class='ocrx_word' id='word_1_38' title='bbox 348 1011 424 1070; x_wconf 86' lang='lat' dir='ltr'>Non</span> <span class='ocrx_word' id='word_1_39' title='bbox 436 1029 584 1090; x_wconf 82' lang='lat' dir='ltr'>unquam</span> <span class='ocrx_word' id='word_1_40' title='bbox 593 1008 719 1070; x_wconf 71' lang='lat' dir='ltr'>uiolata</span> <span class='ocrx_word' id='word_1_41' title='bbox 735 1027 835 1070; x_wconf 80' lang='lat' dir='ltr'>mann</span> <span class='ocrx_word' id='word_1_42' title='bbox 854 1008 995 1072; x_wconf 84' lang='lat' dir='ltr'>sacraria</span> <span class='ocrx_word' id='word_1_43' title='bbox 1012 1007 1136 1092; x_wconf 83' lang='lat' dir='ltr'>Divae,</span> 
     </span>
    </p>

    <p class='ocr_par' dir='ltr' id='par_1_8' title="bbox 348 1111 1106 1196">
     <span class='ocr_line' id='line_1_8' title="bbox 348 1111 1106 1196; baseline 0 -20"><span class='ocrx_word' id='word_1_44' title='bbox 348 1115 493 1176; x_wconf 85' lang='lat' dir='ltr'>Iurando</span> <span class='ocrx_word' id='word_1_45' title='bbox 507 1111 625 1176; x_wconf 86' lang='lat' dir='ltr'>infelix</span> <span class='ocrx_word' id='word_1_46' title='bbox 642 1114 866 1194; x_wconf 78' lang='lat' dir='ltr'>nequidquam</span> <span class='ocrx_word' id='word_1_47' title='bbox 882 1113 956 1176; x_wconf 88' lang='lat' dir='ltr'>iura</span> <span class='ocrx_word' id='word_1_48' title='bbox 974 1113 1106 1196; x_wconf 78' lang='lat' dir='ltr'>piasses.</span> 
     </span>
    </p>

    <p class='ocr_par' dir='ltr' id='par_1_9' title="bbox 257 1200 1071 1298">
     <span class='ocr_line' id='line_1_9' title="bbox 257 1200 1071 1298; baseline -0.006 -17"><span class='ocrx_word' id='word_1_49' title='bbox 257 1200 259 1209; x_wconf 33' lang='grc' dir='ltr'>Ι</span> <span class='ocrx_word' id='word_1_50' title='bbox 348 1211 430 1280; x_wconf 74' lang='lat' dir='ltr'>Etsi</span> <span class='ocrx_word' id='word_1_51' title='bbox 444 1217 519 1298; x_wconf 87' lang='lat' dir='ltr'>quis</span> <span class='ocrx_word' id='word_1_52' title='bbox 532 1214 684 1280; x_wconf 75' lang='lat' dir='ltr'>nocuisse</span> <span class='ocrx_word' id='word_1_53' title='bbox 700 1215 760 1279; x_wconf 91' lang='lat' dir='ltr'>tibi</span> <span class='ocrx_word' id='word_1_54' title='bbox 777 1215 925 1298; x_wconf 89' lang='lat' dir='ltr'>periuria</span> <span class='ocrx_word' id='word_1_55' title='bbox 945 1216 1071 1296; x_wconf 84' lang='lat' dir='ltr'>credat,</span> 
     </span>
    </p>

    <p class='ocr_par' dir='ltr' id='par_1_10' title="bbox 349 1319 1194 1405">
     <span class='ocr_line' id='line_1_10' title="bbox 349 1319 1194 1405; baseline -0.002 -20"><span class='ocrx_word' id='word_1_56' title='bbox 349 1322 455 1385; x_wconf 83' lang='lat' dir='ltr'>Causa</span> <span class='ocrx_word' id='word_1_57' title='bbox 467 1319 524 1405; x_wconf 89' lang='lat' dir='ltr'>pia</span> <span class='ocrx_word' id='word_1_58' title='bbox 539 1331 604 1385; x_wconf 76' lang='lat' dir='ltr'>ests</span> <span class='ocrx_word' id='word_1_59' title='bbox 621 1319 734 1384; x_wconf 88' lang='lat' dir='ltr'>timuit</span> <span class='ocrx_word' id='word_1_60' title='bbox 750 1320 844 1384; x_wconf 86' lang='lat' dir='ltr'>fratri</span> <span class='ocrx_word' id='word_1_61' title='bbox 860 1331 892 1383; x_wconf 87' lang='lat' dir='ltr'>te</span> <span class='ocrx_word' id='word_1_62' title='bbox 908 1321 1078 1384; x_wconf 77' lang='lat' dir='ltr'>ostendere</span> <span class='ocrx_word' id='word_1_63' title='bbox 1096 1321 1194 1383; x_wconf 87' lang='lat' dir='ltr'>Iuno.</span> 
     </span>
    </p>

    <p class='ocr_par' dir='ltr' id='par_1_11' title="bbox 348 1421 1195 1508">
     <span class='ocr_line' id='line_1_11' title="bbox 348 1421 1195 1508; baseline -0.002 -18"><span class='ocrx_word' id='word_1_64' title='bbox 348 1426 486 1490; x_wconf 82' lang='lat' dir='ltr'>Atlevis</span> <span class='ocrx_word' id='word_1_65' title='bbox 499 1423 675 1507; x_wconf 72' lang='lat' dir='ltr'>illabens,</span> <span class='ocrx_word' id='word_1_66' title='bbox 697 1423 751 1488; x_wconf 92' lang='lat' dir='ltr'>cui</span> <span class='ocrx_word' id='word_1_67' title='bbox 766 1445 896 1508; x_wconf 84' lang='lat' dir='ltr'>semper</span> <span class='ocrx_word' id='word_1_68' title='bbox 909 1425 952 1486; x_wconf 91' lang='lat' dir='ltr'>ad</span> <span class='ocrx_word' id='word_1_69' title='bbox 967 1421 1195 1488; x_wconf 83' lang='lat' dir='ltr'>ulciscendum</span> 
     </span>
    </p>

    <p class='ocr_par' dir='ltr' id='par_1_12' title="bbox 349 1523 1137 1610">
     <span class='ocr_line' id='line_1_12' title="bbox 349 1523 1137 1610; baseline -0.001 -22"><span class='ocrx_word' id='word_1_70' title='bbox 349 1526 529 1610; x_wconf 75' lang='lat' dir='ltr'>Quaeritur</span> <span class='ocrx_word' id='word_1_71' title='bbox 539 1546 580 1588; x_wconf 80' lang='lat' dir='ltr'>ex</span> <span class='ocrx_word' id='word_1_72' title='bbox 592 1526 686 1589; x_wconf 85' lang='lat' dir='ltr'>omni</span> <span class='ocrx_word' id='word_1_73' title='bbox 699 1527 877 1589; x_wconf 86' lang='lat' dir='ltr'>verborum</span> <span class='ocrx_word' id='word_1_74' title='bbox 892 1523 1016 1587; x_wconf 86' lang='lat' dir='ltr'>iniuria</span> <span class='ocrx_word' id='word_1_75' title='bbox 1029 1523 1137 1606; x_wconf 88' lang='lat' dir='ltr'>dicto,</span> 
     </span>
    </p>

    <p class='ocr_par' dir='ltr' id='par_1_13' title="bbox 348 1629 1083 1716">
     <span class='ocr_line' id='line_1_13' title="bbox 348 1629 1083 1716; baseline -0.005 -22"><span class='ocrx_word' id='word_1_76' title='bbox 348 1631 457 1694; x_wconf 78' lang='lat' dir='ltr'>Aurea</span> <span class='ocrx_word' id='word_1_77' title='bbox 471 1629 612 1716; x_wconf 81' lang='lat' dir='ltr'>fulgenti</span> <span class='ocrx_word' id='word_1_78' title='bbox 622 1631 820 1712; x_wconf 85' lang='lat' dir='ltr'>depromens</span> <span class='ocrx_word' id='word_1_79' title='bbox 838 1629 901 1691; x_wconf 81' lang='lat' dir='ltr'>tela</span> <span class='ocrx_word' id='word_1_80' title='bbox 915 1631 1083 1710; x_wconf 84' lang='lat' dir='ltr'>pharetra,</span> 
     </span>
    </p>

    <p class='ocr_par' dir='ltr' id='par_1_14' title="bbox 349 1723 1167 1818">
     <span class='ocr_line' id='line_1_14' title="bbox 349 1723 1167 1818; baseline 0.002 -22"><span class='ocrx_word' id='word_1_81' title='bbox 349 1735 425 1796; x_wconf 85' lang='lat' dir='ltr'>Heu</span> <span class='ocrx_word' id='word_1_82' title='bbox 441 1732 583 1798; x_wconf 84' lang='lat' dir='ltr'>nimium</span> <span class='ocrx_word' id='word_1_83' title='bbox 601 1734 712 1815; x_wconf 83' lang='lat' dir='ltr'>tereti,</span> <span class='ocrx_word' id='word_1_84' title='bbox 728 1723 870 1796; x_wconf 86' lang='lat' dir='ltr'>nimium</span> <span class='ocrx_word' id='word_1_85' title='bbox 882 1732 1059 1817; x_wconf 78' lang='lat' dir='ltr'>Tirynthia</span> <span class='ocrx_word' id='word_1_86' title='bbox 1077 1734 1167 1818; x_wconf 82' lang='lat' dir='ltr'>visu,</span> 
     </span>
    </p>

    <p class='ocr_par' dir='ltr' id='par_1_15' title="bbox 350 1839 1127 1926">
     <span class='ocr_line' id='line_1_15' title="bbox 350 1839 1127 1926; baseline -0.003 -20"><span class='ocrx_word' id='word_1_87' title='bbox 350 1839 498 1926; x_wconf 83' lang='lat' dir='ltr'>Virginis</span> <span class='ocrx_word' id='word_1_88' title='bbox 512 1839 550 1903; x_wconf 91' lang='lat' dir='ltr'>iu</span> <span class='ocrx_word' id='word_1_89' title='bbox 571 1850 684 1906; x_wconf 87' lang='lat' dir='ltr'>tenera</span> <span class='ocrx_word' id='word_1_90' title='bbox 699 1839 858 1904; x_wconf 85' lang='lat' dir='ltr'>defixerat</span> <span class='ocrx_word' id='word_1_91' title='bbox 876 1841 990 1908; x_wconf 86' lang='lat' dir='ltr'>omnia</span> <span class='ocrx_word' id='word_1_92' title='bbox 1006 1851 1127 1906; x_wconf 83' lang='lat' dir='ltr'>mente.</span> 
     </span>
    </p>

    <p class='ocr_par' dir='ltr' id='par_1_16' title="bbox 351 1945 1291 2346">
     <span class='ocr_line' id='line_1_16' title="bbox 391 1945 1291 2036; baseline 0 -29"><span class='ocrx_word' id='word_1_93' title='bbox 391 1949 486 2029; x_wconf 75' lang='lat' dir='ltr'>Quae</span> <span class='ocrx_word' id='word_1_94' title='bbox 497 1945 597 2010; x_wconf 86' lang='lat' dir='ltr'>simul</span> <span class='ocrx_word' id='word_1_95' title='bbox 613 1965 653 2010; x_wconf 86' lang='lat' dir='ltr'>ac</span> <span class='ocrx_word' id='word_1_96' title='bbox 668 1946 760 2010; x_wconf 82' lang='lat' dir='ltr'>venis</span> <span class='ocrx_word' id='word_1_97' title='bbox 775 1947 883 2010; x_wconf 84' lang='lat' dir='ltr'>hausit</span> <span class='ocrx_word' id='word_1_98' title='bbox 895 1945 1080 2010; x_wconf 82' lang='lat' dir='ltr'>sitientibus</span> <span class='ocrx_word' id='word_1_99' title='bbox 1097 1947 1223 2036; x_wconf 68' lang='lat' dir='ltr'>ignem,</span> <span class='ocrx_word' id='word_1_100' title='bbox 1245 1948 1291 2008; x_wconf 78' lang='lat'>1⁶3</span> 
     </span>
     <span class='ocr_line' id='line_1_17' title="bbox 352 2049 1184 2134; baseline 0 -20"><span class='ocrx_word' id='word_1_101' title='bbox 352 2051 394 2114; x_wconf 87' lang='lat' dir='ltr'>Et</span> <span class='ocrx_word' id='word_1_102' title='bbox 409 2049 558 2114; x_wconf 83' lang='lat' dir='ltr'>validum</span> <span class='ocrx_word' id='word_1_103' title='bbox 567 2051 699 2134; x_wconf 86' lang='lat' dir='ltr'>penitus</span> <span class='ocrx_word' id='word_1_104' title='bbox 712 2050 863 2134; x_wconf 79' lang='lat' dir='ltr'>concepit</span> <span class='ocrx_word' id='word_1_105' title='bbox 877 2051 915 2116; x_wconf 90' lang='lat' dir='ltr'>in</span> <span class='ocrx_word' id='word_1_106' title='bbox 930 2071 1001 2120; x_wconf 86' lang='lat' dir='ltr'>ossa</span> <span class='ocrx_word' id='word_1_107' title='bbox 1014 2053 1184 2130; x_wconf 84' lang='lat' dir='ltr'>lurorem3</span> 
     </span>
     <span class='ocr_line' id='line_1_18' title="bbox 351 2155 1179 2243; baseline 0.002 -25"><span class='ocrx_word' id='word_1_108' title='bbox 351 2155 456 2218; x_wconf 85' lang='lat' dir='ltr'>Saeva</span> <span class='ocrx_word' id='word_1_109' title='bbox 471 2157 562 2220; x_wconf 84' lang='lat' dir='ltr'>velut</span> <span class='ocrx_word' id='word_1_110' title='bbox 579 2155 697 2243; x_wconf 85' lang='lat' dir='ltr'>gelidis</span> <span class='ocrx_word' id='word_1_111' title='bbox 714 2157 874 2220; x_wconf 86' lang='lat' dir='ltr'>Ciconum</span> <span class='ocrx_word' id='word_1_112' title='bbox 887 2157 1025 2222; x_wconf 87' lang='lat' dir='ltr'>Bistonis</span> <span class='ocrx_word' id='word_1_113' title='bbox 1040 2155 1077 2220; x_wconf 87' lang='lat' dir='ltr'>in</span> <span class='ocrx_word' id='word_1_114' title='bbox 1092 2157 1160 2220; x_wconf 89' lang='lat' dir='ltr'>oris</span> <span class='ocrx_word' id='word_1_115' title='bbox 1168 2203 1179 2238; x_wconf 95' lang='lat'>,</span> 
     </span>
     <span class='ocr_line' id='line_1_19' title="bbox 352 2258 1076 2346; baseline 0 -24"><span class='ocrx_word' id='word_1_116' title='bbox 352 2261 462 2346; x_wconf 83' lang='lat' dir='ltr'>lctave</span> <span class='ocrx_word' id='word_1_117' title='bbox 476 2259 648 2324; x_wconf 89' lang='lat' dir='ltr'>barbarico</span> <span class='ocrx_word' id='word_1_118' title='bbox 662 2261 803 2343; x_wconf 89' lang='lat' dir='ltr'>Cybeles</span> <span class='ocrx_word' id='word_1_119' title='bbox 813 2258 958 2326; x_wconf 73' lang='lat' dir='ltr'>antistita</span> <span class='ocrx_word' id='word_1_120' title='bbox 969 2264 1076 2342; x_wconf 80' lang='lat' dir='ltr'>buxo,</span> 
     </span>
    </p>

    <p class='ocr_par' dir='ltr' id='par_1_17' title="bbox 352 2351 1014 2452">
     <span class='ocr_line' id='line_1_20' title="bbox 352 2351 1014 2452; baseline 0.006 -26"><span class='ocrx_word' id='word_1_121' title='bbox 352 2351 474 2427; x_wconf 82' lang='lat' dir='ltr'>Infelix</span> <span class='ocrx_word' id='word_1_122' title='bbox 483 2365 578 2452; x_wconf 83' lang='lat' dir='ltr'>virgo</span> <span class='ocrx_word' id='word_1_123' title='bbox 591 2374 659 2428; x_wconf 84' lang='lat' dir='ltr'>tota</span> <span class='ocrx_word' id='word_1_124' title='bbox 672 2365 853 2430; x_wconf 60' lang='lat' dir='ltr'>mechatur</span> <span class='ocrx_word' id='word_1_125' title='bbox 867 2365 903 2430; x_wconf 90' lang='lat' dir='ltr'>in</span> <span class='ocrx_word' id='word_1_126' title='bbox 914 2368 1014 2444; x_wconf 86' lang='lat' dir='ltr'>urbe;</span> 
     </span>
    </p>

    <p class='ocr_par' dir='ltr' id='par_1_18' title="bbox 352 2469 1128 2555">
     <span class='ocr_line' id='line_1_21' title="bbox 352 2469 1128 2555; baseline 0.005 -24"><span class='ocrx_word' id='word_1_127' title='bbox 352 2469 427 2531; x_wconf 83' lang='lat' dir='ltr'>Non</span> <span class='ocrx_word' id='word_1_128' title='bbox 437 2476 567 2549; x_wconf 85' lang='lat' dir='ltr'>styrace</span> <span class='ocrx_word' id='word_1_129' title='bbox 575 2469 674 2530; x_wconf 85' lang='lat' dir='ltr'>Idaeo</span> <span class='ocrx_word' id='word_1_130' title='bbox 686 2470 858 2555; x_wconf 84' lang='lat' dir='ltr'>flagrantes</span> <span class='ocrx_word' id='word_1_131' title='bbox 872 2469 960 2554; x_wconf 87' lang='lat' dir='ltr'>picta</span> <span class='ocrx_word' id='word_1_132' title='bbox 973 2470 1128 2554; x_wconf 84' lang='lat' dir='ltr'>capillos,</span> 
     </span>
    </p>

    <p class='ocr_par' dir='ltr' id='par_1_19' title="bbox 353 2572 1197 2660">
     <span class='ocr_line' id='line_1_22' title="bbox 353 2572 1197 2660; baseline 0.004 -23"><span class='ocrx_word' id='word_1_133' title='bbox 353 2574 493 2660; x_wconf 81' lang='lat' dir='ltr'>Cognita</span> <span class='ocrx_word' id='word_1_134' title='bbox 508 2593 577 2637; x_wconf 88' lang='lat' dir='ltr'>non</span> <span class='ocrx_word' id='word_1_135' title='bbox 591 2572 711 2638; x_wconf 86' lang='lat' dir='ltr'>teneris</span> <span class='ocrx_word' id='word_1_136' title='bbox 725 2572 864 2657; x_wconf 86' lang='lat' dir='ltr'>pedibus</span> <span class='ocrx_word' id='word_1_137' title='bbox 875 2574 1030 2658; x_wconf 84' lang='lat' dir='ltr'>Sicyonia</span> <span class='ocrx_word' id='word_1_138' title='bbox 1046 2579 1197 2658; x_wconf 84' lang='lat' dir='ltr'>servans,</span> 
     </span>
    </p>

    <p class='ocr_par' dir='ltr' id='par_1_20' title="bbox 353 2681 1119 2750">
     <span class='ocr_line' id='line_1_23' title="bbox 353 2681 1119 2750; baseline 0.005 -7"><span class='ocrx_word' id='word_1_139' title='bbox 353 2682 428 2744; x_wconf 90' lang='lat' dir='ltr'>Non</span> <span class='ocrx_word' id='word_1_140' title='bbox 439 2681 537 2745; x_wconf 84' lang='lat' dir='ltr'>niveo</span> <span class='ocrx_word' id='word_1_141' title='bbox 548 2681 692 2749; x_wconf 85' lang='lat' dir='ltr'>retinens</span> <span class='ocrx_word' id='word_1_142' title='bbox 703 2681 838 2746; x_wconf 87' lang='lat' dir='ltr'>baccata</span> <span class='ocrx_word' id='word_1_143' title='bbox 849 2681 1096 2750; x_wconf 84' lang='lat' dir='ltr'>moniliacollo.</span> <span class='ocrx_word' id='word_1_144' title='bbox 1115 2716 1119 2721; x_wconf 88' lang='lat'><em>-</em></span> 
     </span>
    </p>

    <p class='ocr_par' dir='ltr' id='par_1_21' title="bbox 352 2783 1159 2872">
     <span class='ocr_line' id='line_1_24' title="bbox 352 2783 1159 2872; baseline 0.002 -28"><span class='ocrx_word' id='word_1_145' title='bbox 352 2784 498 2845; x_wconf 90' lang='lat' dir='ltr'>Multum</span> <span class='ocrx_word' id='word_1_146' title='bbox 510 2783 562 2847; x_wconf 91' lang='lat' dir='ltr'>illi</span> <span class='ocrx_word' id='word_1_147' title='bbox 574 2784 699 2848; x_wconf 87' lang='lat' dir='ltr'>incerto</span> <span class='ocrx_word' id='word_1_148' title='bbox 716 2784 881 2867; x_wconf 87' lang='lat' dir='ltr'>trepidant</span> <span class='ocrx_word' id='word_1_149' title='bbox 898 2785 1035 2872; x_wconf 86' lang='lat' dir='ltr'>vestigia</span> <span class='ocrx_word' id='word_1_150' title='bbox 1050 2807 1159 2848; x_wconf 82' lang='lat' dir='ltr'>cursu.</span> 
     </span>
    </p>

    <p class='ocr_par' dir='ltr' id='par_1_22' title="bbox 354 2884 1195 2973">
     <span class='ocr_line' id='line_1_25' title="bbox 354 2884 1195 2973; baseline 0.006 -26"><span class='ocrx_word' id='word_1_151' title='bbox 354 2887 459 2965; x_wconf 81' lang='lat' dir='ltr'>Saepe</span> <span class='ocrx_word' id='word_1_152' title='bbox 473 2884 561 2946; x_wconf 87' lang='lat' dir='ltr'>redit</span> <span class='ocrx_word' id='word_1_153' title='bbox 573 2885 697 2973; x_wconf 82' lang='lat' dir='ltr'>patrios</span> <span class='ocrx_word' id='word_1_154' title='bbox 707 2887 905 2951; x_wconf 86' lang='lat' dir='ltr'>adscendere</span> <span class='ocrx_word' id='word_1_155' title='bbox 916 2888 1048 2970; x_wconf 88' lang='lat' dir='ltr'>prodita</span> <span class='ocrx_word' id='word_1_156' title='bbox 1064 2908 1195 2965; x_wconf 77' lang='lat' dir='ltr'>muros5</span> 
     </span>
    </p>

    <p class='ocr_par' dir='ltr' id='par_1_23' title="bbox 353 2979 1072 3072">
     <span class='ocr_line' id='line_1_26' title="bbox 353 2979 1072 3072; baseline 0.003 -26"><span class='ocrx_word' id='word_1_157' title='bbox 353 2985 532 3065; x_wconf 68' lang='lat' dir='ltr'>tibriasque</span> <span class='ocrx_word' id='word_1_158' title='bbox 541 2986 626 3072; x_wconf 76' lang='lat' dir='ltr'>lacit</span> <span class='ocrx_word' id='word_1_159' title='bbox 644 3005 777 3052; x_wconf 83' lang='lat' dir='ltr'>causam</span> <span class='ocrx_word' id='word_1_160' title='bbox 791 2979 827 3050; x_wconf 74' lang='lat' dir='ltr'>sc</span> <span class='ocrx_word' id='word_1_161' title='bbox 841 2985 945 3052; x_wconf 84' lang='lat' dir='ltr'>visere</span> <span class='ocrx_word' id='word_1_162' title='bbox 958 2995 1072 3052; x_wconf 87' lang='lat' dir='ltr'>turres.</span> 
     </span>
    </p>

    <p class='ocr_par' dir='ltr' id='par_1_24' title="bbox 324 3087 1181 3174">
     <span class='ocr_line' id='line_1_27' title="bbox 324 3087 1181 3174; baseline 0.005 -24"><span class='ocrx_word' id='word_1_163' title='bbox 324 3158 328 3166; x_wconf 19' lang='lat'>⁸</span> <span class='ocrx_word' id='word_1_164' title='bbox 353 3089 457 3171; x_wconf 82' lang='lat' dir='ltr'>Saepe</span> <span class='ocrx_word' id='word_1_165' title='bbox 473 3087 570 3152; x_wconf 88' lang='lat' dir='ltr'>etiam</span> <span class='ocrx_word' id='word_1_166' title='bbox 585 3087 684 3152; x_wconf 85' lang='lat' dir='ltr'>tristis</span> <span class='ocrx_word' id='word_1_167' title='bbox 698 3089 835 3153; x_wconf 82' lang='lat' dir='ltr'>volvens</span> <span class='ocrx_word' id='word_1_168' title='bbox 851 3089 887 3152; x_wconf 90' lang='lat' dir='ltr'>in</span> <span class='ocrx_word' id='word_1_169' title='bbox 903 3099 1000 3154; x_wconf 87' lang='lat' dir='ltr'>nocte</span> <span class='ocrx_word' id='word_1_170' title='bbox 1012 3093 1181 3174; x_wconf 84' lang='lat' dir='ltr'>querelas,</span> 
     </span>
    </p>

    <p class='ocr_par' dir='ltr' id='par_1_25' title="bbox 335 3182 1261 3814">
     <span class='ocr_line' id='line_1_28' title="bbox 335 3182 1193 3281; baseline -0.001 -21"><span class='ocrx_word' id='word_1_171' title='bbox 335 3237 337 3241; x_wconf 92' lang='lat'><em>-</em></span> <span class='ocrx_word' id='word_1_172' title='bbox 353 3196 492 3262; x_wconf 85' lang='lat' dir='ltr'>Sedibus</span> <span class='ocrx_word' id='word_1_173' title='bbox 508 3218 550 3260; x_wconf 85' lang='lat' dir='ltr'>ex</span> <span class='ocrx_word' id='word_1_174' title='bbox 564 3182 645 3262; x_wconf 86' lang='lat' dir='ltr'>altis</span> <span class='ocrx_word' id='word_1_175' title='bbox 656 3197 741 3260; x_wconf 85' lang='lat' dir='ltr'>coeli</span> <span class='ocrx_word' id='word_1_176' title='bbox 754 3197 1115 3281; x_wconf 66' lang='lat' dir='ltr'>speculaturamoremt</span> <span class='ocrx_word' id='word_1_177' title='bbox 1192 3241 1193 3246; x_wconf 20' lang='grc' dir='ltr'>η</span> 
     </span>
     <span class='ocr_line' id='line_1_29' title="bbox 354 3291 1191 3388; baseline 0.004 -24"><span class='ocrx_word' id='word_1_178' title='bbox 354 3303 532 3384; x_wconf 88' lang='lat' dir='ltr'>Castraque</span> <span class='ocrx_word' id='word_1_179' title='bbox 547 3291 732 3388; x_wconf 86' lang='lat' dir='ltr'>prospectat</span> <span class='ocrx_word' id='word_1_180' title='bbox 746 3303 868 3368; x_wconf 88' lang='lat' dir='ltr'>crebris</span> <span class='ocrx_word' id='word_1_181' title='bbox 884 3304 1028 3366; x_wconf 83' lang='lat' dir='ltr'>lucentia</span> <span class='ocrx_word' id='word_1_182' title='bbox 1040 3303 1191 3367; x_wconf 85' lang='lat' dir='ltr'>flammis.</span> 
     </span>
     <span class='ocr_line' id='line_1_30' title="bbox 353 3392 1202 3493; baseline 0.002 -25"><span class='ocrx_word' id='word_1_183' title='bbox 353 3407 454 3471; x_wconf 88' lang='lat' dir='ltr'>Nulla</span> <span class='ocrx_word' id='word_1_184' title='bbox 469 3410 581 3472; x_wconf 88' lang='lat' dir='ltr'>colum</span> <span class='ocrx_word' id='word_1_185' title='bbox 591 3406 703 3470; x_wconf 85' lang='lat' dir='ltr'>novit:</span> <span class='ocrx_word' id='word_1_186' title='bbox 717 3392 829 3476; x_wconf 84' lang='lat' dir='ltr'>carum</span> <span class='ocrx_word' id='word_1_187' title='bbox 844 3427 905 3493; x_wconf 85' lang='lat' dir='ltr'>nec</span> <span class='ocrx_word' id='word_1_188' title='bbox 919 3406 1052 3491; x_wconf 85' lang='lat' dir='ltr'>respicit</span> <span class='ocrx_word' id='word_1_189' title='bbox 1072 3425 1202 3470; x_wconf 85' lang='lat' dir='ltr'>aurum.</span> 
     </span>
     <span class='ocr_line' id='line_1_31' title="bbox 354 3503 1157 3600; baseline 0.001 -25"><span class='ocrx_word' id='word_1_190' title='bbox 354 3515 429 3575; x_wconf 88' lang='lat' dir='ltr'>Non</span> <span class='ocrx_word' id='word_1_191' title='bbox 445 3524 560 3600; x_wconf 83' lang='lat' dir='ltr'>arguta</span> <span class='ocrx_word' id='word_1_192' title='bbox 570 3522 688 3578; x_wconf 86' lang='lat' dir='ltr'>sonant</span> <span class='ocrx_word' id='word_1_193' title='bbox 707 3514 797 3578; x_wconf 87' lang='lat' dir='ltr'>tenui</span> <span class='ocrx_word' id='word_1_194' title='bbox 814 3503 968 3598; x_wconf 84' lang='lat' dir='ltr'>psalteria</span> <span class='ocrx_word' id='word_1_195' title='bbox 983 3515 1127 3592; x_wconf 78' lang='lat' dir='ltr'>chorda3</span> <span class='ocrx_word' id='word_1_196' title='bbox 1155 3546 1157 3558; x_wconf 89' lang='lat'><em>·</em></span> 
     </span>
     <span class='ocr_line' id='line_1_32' title="bbox 353 3619 1190 3706; baseline -0.001 -21"><span class='ocrx_word' id='word_1_197' title='bbox 353 3621 429 3685; x_wconf 87' lang='lat' dir='ltr'>Non</span> <span class='ocrx_word' id='word_1_198' title='bbox 443 3619 571 3704; x_wconf 84' lang='lat' dir='ltr'>Libyco</span> <span class='ocrx_word' id='word_1_199' title='bbox 589 3624 707 3687; x_wconf 85' lang='lat' dir='ltr'>molles</span> <span class='ocrx_word' id='word_1_200' title='bbox 722 3624 927 3706; x_wconf 73' lang='lat' dir='ltr'>plauduntur</span> <span class='ocrx_word' id='word_1_201' title='bbox 945 3623 1077 3706; x_wconf 86' lang='lat' dir='ltr'>pectine</span> <span class='ocrx_word' id='word_1_202' title='bbox 1095 3623 1190 3703; x_wconf 73' lang='lat' dir='ltr'>telae.</span> 
     </span>
     <span class='ocr_line' id='line_1_33' title="bbox 355 3721 1261 3814; baseline -0.002 -24"><span class='ocrx_word' id='word_1_203' title='bbox 355 3728 472 3792; x_wconf 84' lang='lat' dir='ltr'>Nullus</span> <span class='ocrx_word' id='word_1_204' title='bbox 481 3727 517 3792; x_wconf 92' lang='lat' dir='ltr'>iu</span> <span class='ocrx_word' id='word_1_205' title='bbox 526 3742 583 3793; x_wconf 87' lang='lat' dir='ltr'>ore</span> <span class='ocrx_word' id='word_1_206' title='bbox 592 3732 707 3796; x_wconf 86' lang='lat' dir='ltr'>rubor.</span> <span class='ocrx_word' id='word_1_207' title='bbox 723 3723 789 3794; x_wconf 83' lang='lat' dir='ltr'>Ubi</span> <span class='ocrx_word' id='word_1_208' title='bbox 799 3730 889 3794; x_wconf 87' lang='lat' dir='ltr'>enim</span> <span class='ocrx_word' id='word_1_209' title='bbox 900 3730 1018 3814; x_wconf 85' lang='lat' dir='ltr'>rubor,</span> <span class='ocrx_word' id='word_1_210' title='bbox 1029 3731 1136 3794; x_wconf 85' lang='lat' dir='ltr'>obstat</span> <span class='ocrx_word' id='word_1_211' title='bbox 1152 3721 1261 3792; x_wconf 76' lang='lat' dir='ltr'>amori.</span> 
     </span>
    </p>
   </div>
   <div class='ocr_carea' id='block_1_3' title="bbox 0 0 1420 4817">
    <p class='ocr_par' dir='ltr' id='par_1_26' title="bbox 0 0 1420 4817">
     <span class='ocr_line' id='line_1_34' title="bbox 0 0 1420 4817; baseline 0 0"><span class='ocrx_word' id='word_1_212' title='bbox 0 0 1420 4817; x_wconf 95' lang='lat' dir='ltr'> </span> 
     </span>
    </p>
   </div>
  </div>
 </body>
</html>
