2809 4817
379 362 818 433 montinneio.
1041 380 1082 459 ³7

109 513 280 599 'lenpore
293 508 364 577 iam
383 532 426 577 ex
439 509 501 576 illo
517 530 610 609 casus
624 510 711 577 milri
731 512 885 601 coquinis
899 514 991 585 inhia

109 619 296 702 Troianae,
316 638 509 700 nomenque
524 628 634 703 tuum,
648 640 809 707 regesque
826 620 966 712 Pelasgi.
1064 682 1068 690 ,

110 726 191 807 Ipse
206 724 309 789 hostis
321 724 467 789 Teucros
483 722 608 812 insigni
625 726 725 789 laude
735 724 882 809 serebat,

110 827 224 909 Seque
233 836 345 891 ortum
355 822 496 907 antiqua
502 826 710 891 Teucrorum
723 825 878 913 abstirpe
887 831 1031 905 volebat,

111 931 228 1021 Quare
235 932 341 1022 agite,
361 952 397 1015 o,
410 932 519 1017 tectis,
532 934 680 1017 iuvenes,
694 934 859 999 succedite
871 937 1000 1003 nostris.

112 1045 173 1106 Me
185 1061 317 1123 quoque
331 1060 393 1123 per
406 1042 529 1103 multos
546 1040 664 1105 similis
677 1042 810 1105 fortuna
822 1043 954 1108 labores

111 1147 274 1234 lactatam
291 1147 355 1208 hac
371 1146 508 1208 demum
527 1145 632 1209 coluit
651 1145 828 1209 consistere
843 1154 946 1223 terra,

113 1251 193 1310 Non
209 1245 326 1335 ignara
339 1246 421 1311 mali
434 1248 564 1313 miseris
579 1266 771 1313 succurrere
786 1247 887 1313 disco.

112 1351 171 1414 Sic
184 1361 361 1414 memorat:
374 1351 474 1416 simul
489 1354 625 1419 Aenean
641 1350 679 1415 in
694 1353 787 1439 regia
797 1352 890 1419 ducit

113 1456 233 1534 'reem
249 1455 351 1521 simul
363 1454 489 1519 Divom
504 1454 636 1539 templis
650 1454 770 1524 indicit
782 1455 957 1523 honorem

114 1562 187 1625 Nec
198 1560 309 1625 minus
320 1560 448 1624 interea
460 1560 558 1625 sociis
573 1562 616 1623 ad
629 1558 730 1625 litora
742 1559 843 1627 mittit

114 1661 246 1752 Viginti
257 1674 386 1745 tauros,
404 1678 603 1751 magnorum
621 1661 793 1733 horrentia
808 1672 943 1731 oennrm

113 1775 225 1861 Terga
234 1792 333 1837 suum
341 1818 353 1853 ,
364 1770 498 1857 pinguis
512 1782 645 1839 centum
660 1792 738 1837 cum
750 1772 910 1843 manihm
916 1791 1037 1865 agnos,

111 1878 258 1942 Munera
278 1874 502 1957 laetitiamque
515 1872 575 1938 dii.

113 1982 160 2042 At
176 1982 292 2044 domus
304 1976 444 2042 interior
453 1976 559 2065 regali
574 1977 749 2061 splendida
760 1980 843 2043 luxu

111 2081 307 2163 Instruitur,
322 2082 505 2165 mellisque
521 2093 641 2165 parant
658 2082 812 2149 convivia
830 2083 934 2150 tectis.
1021 2086 1091 2148 688·

113 2196 198 2259 Arte
210 2194 378 2273 laboratae
389 2200 508 2271 restes,
525 2200 679 2272 ostroque
694 2195 852 2273 superb03

113 2300 241 2383 Ingens
254 2304 429 2387 argentum
441 2293 576 2374 mensis,
592 2295 781 2376 caelataque
794 2292 829 2357 in
844 2312 929 2359 auro
981 2322 984 2328 ·

113 2401 229 2465 Fortia
240 2401 327 2465 iacta
342 2410 492 2487 patrum,
504 2394 604 2459 series
617 2392 811 2481 longissima
822 2414 953 2476 rerum,

114 2512 182 2594 Per
192 2518 239 2573 tot
251 2512 351 2579 ducta
367 2507 456 2572 viros
472 2504 611 2587 antiqua
626 2504 669 2567 ab
684 2500 814 2589 origine
828 2502 948 2590 gentis.

159 2618 286 2681 Aeneas
299 2616 431 2701 (neque
446 2615 536 2688 enirn
550 2612 676 2697 patrius
692 2610 869 2676 ministare
886 2619 1034 2676 mentem
1152 2678 1158 2689 ¹

114 2721 235 2783 Passus
245 2718 363 2803 amor)
376 2716 531 2801 rapidum
541 2718 584 2780 ad
600 2716 694 2779 navis
709 2715 892 2801 praemittit
899 2718 1067 2796 ⁴Achaten,

114 2821 260 2887 Ascanio
276 2824 470 2900 ferathae03
489 2822 665 2905 ipsumque
676 2823 721 2885 ad
731 2820 864 2885 moenia
875 2822 987 2883 ducat.
1049 2856 1056 2893 ·.

118 2930 239 2993 Omnis
254 2929 292 2993 in
305 2931 445 2995 Ascanio
459 2931 533 2995 'cari
549 2938 612 2993 stat
629 2950 709 2993 cura
720 2930 876 3014 parentis.

117 3039 463 3123 Munera,praeterea,
476 3038 585 3103 Iliacis
599 3049 713 3123 erepta
726 3037 847 3120 ruinis,

118 3148 217 3211 Ferre
226 3124 471 3237 iubet3⁸pallam
491 3148 595 3236 signis
609 3168 760 3229 auroque
775 3147 958 3234 rigentem,

99 3234 102 3245 ’
117 3254 159 3315 Et
172 3255 425 3321 circumtextum
440 3278 559 3321 croceo
574 3259 727 3321 velamen
744 3258 904 3338 acantho,

119 3358 267 3424 Ornatus
280 3364 424 3450 Argivae
435 3366 599 3440 Helenae;
619 3383 701 3447 quos
713 3362 773 3428 illa
785 3360 951 3445 Mycenis,
983 3394 987 3401 ·

118 3476 281 3558 Pergama
293 3492 369 3533 cum
385 3481 509 3554 peteret
518 3468 792 3552 inconcessosque
804 3473 1033 3554 Hymenaeos,

118 3577 306 3657 Extulerat,
326 3574 441 3638 matris
451 3577 562 3639 Ledae
580 3572 733 3637 mirabile
748 3577 888 3637 donum«

120 3684 296 3745 Praeterea
315 3688 500 3762 sceptrum,
517 3679 624 3743 Ilione
636 3681 726 3760 quod
741 3686 884 3766 gesserat
894 3678 992 3759 olim,
1103 3676 1121 3727 ἶ

4 3858 5 3861 ¹
119 3788 278 3851 Maxuma
292 3795 449 3851 natarum
458 3785 597 3870 Psiami,
611 3786 763 3866 colloque
779 3781 906 3849 monile
