2809 4817
382 382 614 449 claun
653 384 732 453 ιιι.
773 393 877 455 ecc.
1080 352 1116 481 '72

130 528 183 591 Et
194 546 323 615 genus,
334 535 367 591 et
377 544 569 593 mansuram
579 532 696 595 urbem
708 536 717 594 t
730 550 828 600 servs
837 538 1068 607 altera'Troiae

132 634 656 723 Pergama,reliqniasDanadm
665 642 910 721 utqueimmitis
919 646 1058 711 Achilli!

136 741 263 828 Quem
270 736 461 818 sequimur?
471 750 580 820 quove
588 738 638 804 ire
649 740 766 805 iubes?
777 743 836 807 nbi
843 763 968 827 ponere
976 750 1092 814 sedes?

136 842 220 923 Da,
232 836 345 927 palem
354 840 552 927 augurium
564 852 662 924 atque
672 844 794 910 animis
803 845 942 912 illabere
956 852 1087 917 uostris.

188 945 261 1011 Vix
274 945 411 1009 ecfatus
424 962 534 1009 emma
548 955 688 1009 tremere
701 948 895 1015 omniavisa
903 964 1056 1039 repente,

143 1052 364 1135 liminaque,
379 1051 645 1133 laurusqueDei3
665 1063 819 1137 totusque
829 1060 958 1123 moveri

145 1161 252 1221 Mons
262 1156 405 1239 circum,
415 1164 452 1221 et'
463 1160 596 1243 mugire
608 1158 718 1241 adytis
729 1160 1011 1229 cortinaneclusis·

145 1261 312 1327 Submissi
325 1261 468 1344 petimus
481 1272 621 1347 terram,
639 1274 673 1329 ct
684 1286 751 1329 vox
761 1266 866 1331 icatur
877 1271 921 1331 ad
931 1272 1049 1336 autiss

146 1366 362 1429 Dardanidae
381 1364 472 1449 duri,
486 1386 571 1450 quae
583 1388 642 1433 vos
653 1368 787 1453 astirpe
799 1380 978 1453 parentum

148 1469 266 1533 Prima
280 1470 354 1538 tulit
365 1472 476 1553 tellus,
496 1472 613 1535 eadem
625 1490 683 1535 voc
693 1472 796 1535 ubere
807 1474 894 1537 lacto
974 1538 979 1545 ,

148 1578 303 1661 Accipiet
315 1580 461 1643 reduces
476 1579 656 1659 Antiquam
669 1545 833 1659 exquirite
844 1587 996 1644 matrem

148 1677 220 1749 Hic
229 1687 344 1749 domus
354 1688 486 1749 Aeneae
498 1685 623 1751 cunctis
634 1684 860 1749 dominabitur
872 1684 957 1770 oris,

148 1790 192 1851 Et
204 1788 272 1851 nati
284 1778 455 1869 natorum,
470 1798 503 1851 et
515 1787 573 1869 qui
587 1793 816 1855 nascenturab
831 1789 908 1855 illis.

148 1896 246 1959 Haec
259 1897 410 1959 Phoebus
420 1916 429 1959 ι
440 1894 610 1976 mixtoque
620 1894 738 1981 iugens
752 1906 865 1959 exorta
878 1896 1023 1960 tumultu
1098 1948 1102 1955 .

146 1998 308 2077 Laetitia3
324 2008 357 2061 et
371 1998 495 2079 cuncti,
512 1998 673 2080 quaestus
683 2019 723 2061 ea
732 2000 884 2082 moenia,
895 2007 1073 2081 quaerunt3

146 2110 229 2191 Quo
242 2107 393 2169 Phoebus
402 2114 499 2169 vocet
513 2104 670 2186 errantis,
688 2103 867 2187 iubeatque
882 2106 1012 2171 reverti.
1055 2126 1111 2169 101

148 2216 239 2277 Tum
249 2212 396 2298 genitor,
414 2220 563 2277 veterum
573 2213 710 2275 volvens
719 2222 934 2275 monumenta
946 2213 1114 2296 virorum,

147 2313 288 2397 Audite,
299 2334 499 2399 optumum,
512 2312 577 2394 ait,
592 2322 707 2394 etspcs
717 2311 830 2375 discite
844 2322 977 2377 vestras.

147 2425 250 2485 Creta
262 2421 350 2485 Iovis
359 2420 473 2509 magni
485 2419 598 2485 medio
611 2418 697 2483 iacet
709 2418 819 2483 insula
827 2429 947 2503 pont03

146 2528 250 2589 Mons
261 2526 382 2588 ‘Idaeus
395 2522 473 2605 ubi,
489 2532 522 2587 et
535 2520 644 2610 gentis
656 2523 823 2586 cunabula
835 2531 975 2587 nostrae.

146 2634 293 2694 Centum
305 2633 404 2695 urbes
414 2628 566 2693 habitant
575 2612 730 2715 magnas,
741 2627 910 2691 uberrima
923 2647 1043 2716 regnas

145 2735 315 2803 Maximus
330 2734 575 2819 undepater‚si
586 2734 648 2799 rite
661 2734 776 2798 audita
788 2737 961 2817 recordor,
1010 2754 1016 2763 ’

144 2846 300 2907 Teucrus
313 2844 477 2905 Rhoeteas
494 2839 643 2923 primum
653 2849 703 2904 est
713 2836 872 2903 advectus
884 2839 926 2899 ad
941 2856 1031 2921 cras,

125 3009 128 3015 ,
147 2946 354 3030 Optavitque
363 2946 479 3009 locum
491 2963 607 3029 regno.
626 2946 784 3009 Nondum
795 2944 911 3026 llium,
926 2954 959 3007 et
969 2962 1061 3010 arces

144 3056 349 3138 Pergameae
360 3061 530 3129 steterant3
546 3052 745 3145 habitabant·
754 3052 897 3117 uallibus
912 3052 998 3115 imis.
1041 3080 1045 3085 ⁴

143 3160 238 3225 Hinc
256 3166 361 3223 maten
370 3158 490 3223 cultrix
507 3162 669 3241 Cybelae,
682 3158 953 3242 Corybantiaque
962 3178 1056 3240 aera,

143 3265 354 3343 Idaeumque
368 3282 501 3341 nemum
518 3261 597 3325 hinc
612 3261 679 3325 fida
690 3262 822 3327 silentia
833 3263 951 3345 sacris,

144 3374 188 3434 Et
204 3370 311 3435 iuncti
326 3394 462 3436 currum
481 3374 637 3437 dominae
653 3374 784 3439 subiere
799 3378 923 3442 leones
948 3438 952 3443 ,

144 3478 238 3563 Ergo
251 3476 352 3562 agite,
368 3484 418 3559 et,
433 3476 556 3540 Divom
569 3478 695 3543 ducant
708 3497 775 3559 qua
784 3480 1092 3562 iussa‚sequamurs

144 3582 323 3643 Placemus
333 3590 462 3663 ventos,
480 3591 512 3644 et
524 3570 647 3645 Gnosia
660 3600 763 3667 regna
777 3592 937 3665 petamus.
1061 3622 1065 3632 =

143 3688 218 3748 Nec
235 3688 339 3773 longo
353 3686 476 3751 distant
486 3672 600 3750 cuss'u:
617 3687 719 3749 modo
735 3687 885 3770 Iuppiter
901 3686 1002 3772 adsit,

143 3793 264 3861 Tertia
276 3796 336 3859 lux
351 3797 488 3863 classem
503 3795 646 3863 Cretaeis
663 3795 753 3863 sistet
768 3795 805 3860 in
823 3797 900 3863 oris.
