2809 4817
347 361 405 438 ²4⁸

398 598 401 605 ’
445 632 1207 734 a.vrac1L11·MAaours

350 858 547 1015 Α,Ε
619 843 813 999 ΝἜ
885 858 918 995 Ι
988 852 1295 999 Dfios

501 1166 504 1177 ·
650 1116 908 1207 LIBER
953 1114 1014 1208 X.
1076 1159 1093 1186 ··

352 1479 550 1615 Paunrrna
563 1550 689 1615 interea
700 1552 819 1615 domus
828 1546 1064 1633 omnipotentis
1078 1517 1236 1635 mma,

349 1651 839 1734 Concdiumquevocatnr'iom
846 1662 1050 1737 paterasque
1058 1653 1289 1721 hominunm

347 1761 516 1825 Sideream
525 1761 562 1823 in
570 1762 700 1825 sedem:
716 1770 817 1825 terras
825 1760 916 1827 unde
928 1760 1051 1823 arduus
1060 1780 1196 1844 omnes,

349 1868 526 1947 Castraque
540 1865 770 1931 Dardanidum
784 1867 969 1949 adspectat,
984 1862 1205 1971 populosqff

875 1966 1019 2031 Iatiuos.

349 2071 532 2137 Considunt
546 2072 636 2135 tectis
651 2071 886 2155 bipatentibus.
900 2070 1021 2155 Inuipit
1036 2070 1127 2155 ipses

389 2178 575 2263 coelicolae
588 2178 717 2267 magni,
735 2176 814 2261 quia
829 2196 909 2241 nara
921 2178 1084 2247 sententie
1094 2178 1192 2245 vobis

347 2284 450 2347 Versa
459 2290 564 2365 retro,
581 2278 774 2363 tantumque
784 2279 903 2345 auibus
916 2281 1047 2347 certatis
1059 2280 1206 2365 iniquia?

347 2390 536 2455 Abnueram
554 2390 643 2454 bello
661 2388 791 2452 Italiam
809 2407 1004 2451 enumerem
1020 2388 1168 2453 Teucris.

348 2496 442 2581 Quae
450 2505 565 2558 eontra
574 2494 712 2555 vetitum
721 2490 907 2558 discordia?
921 2491 997 2571 quis
1005 2500 1114 2557 metus
1123 2502 1182 2557 aut
1191 2494 1249 2557 hos

345 2602 410 2663 Aut
423 2602 484 2663 hos
496 2617 589 2662 arma
599 2596 708 2681 sequi,
723 2599 914 2677 tetrumque
929 2598 1097 2661 lacessere
1104 2594 1226 2661 suasit?
1263 2614 1294 2657 aa

345 2702 507 2768 Adveniet
521 2702 645 2767 iustum
658 2722 807 2788 pugnae,
825 2717 869 2765 ue
884 2699 1053 2782 moenita,
1067 2707 1213 2785 tempus,
1247 2741 1251 2749 =

345 2810 429 2874 Cum
442 2808 512 2870 fera
527 2809 693 2892 Carthago
707 2802 867 2867 Romanis
879 2802 1009 2867 arcibus
1023 2803 1108 2868 olim

343 2907 489 2972 Exitium
501 2929 661 2995 magnum
671 2917 770 2988 atque
779 2907 877 2989 Alpes
888 2906 1043 2971 immittet
1052 2916 1197 2991 apertas:

299 3078 301 3083 ,
345 3016 432 3077 Tum
451 3023 575 3077 certare
589 3012 691 3096 odiis,
706 3024 776 3077 tum
787 3034 839 3077 res
854 3013 1002 3097 rapuisse
1017 3012 1144 3077 licebit.

345 3119 441 3183 Nunc
456 3118 569 3197 sinite;
585 3129 617 3183 et
627 3120 787 3203 placitum
798 3121 877 3185 laeti
892 3119 1080 3204 domponite
1094 3121 1221 3189 foedus.
1280 3140 1284 3151 ⁴

384 3223 533 3308 Iuppiter
548 3226 630 3287 haec
643 3210 773 3311 paucis:
788 3234 824 3289 at
838 3244 909 3289 non
922 3228 1034 3291 Venus
1048 3244 1151 3289 aurea
1166 3234 1276 3293 contra

334 3332 456 3395 ·Pauca
472 3332 583 3399 refert.
825 3327 827 3330 ’
949 3389 953 3399 .

346 3434 377 3497 Ο
386 3435 497 3515 Pater,
512 3433 720 3499 ohominum
730 3458 908 3519 rerumque
914 3444 1052 3501 aeterna
1061 3440 1223 3520 potestas!

343 3535 514 3621 (Namque
526 3538 618 3603 aliud
629 3539 712 3623 quid
720 3540 778 3625 sit,
790 3540 959 3626 quodiam
972 3540 1156 3624 implorare
1172 3624 1177 3631 .

377 3661 379 3667 '
724 3722 727 3727 .
870 3646 1074 3729 queamusi)

345 3741 459 3809 Cernis
476 3753 513 3811 ut
526 3744 684 3813 insultent
699 3747 831 3829 Rutuli3
848 3750 1045 3831 Turnusque
1057 3748 1182 3811 feratur
