2809 4817
327 394 835 478 standitanus.
950 339 1086 479 '317¹

87 536 233 607 Horum
250 558 372 621 unum,
385 542 427 601 ad
439 536 602 619 medium,
614 539 731 603 teritur
745 559 813 623 qua
825 541 931 605 sutilis
941 543 1020 605 also

86 646 246 727 Balteus,
262 655 294 707 et
311 646 452 707 laterum
464 643 632 707 iuncturas
650 642 754 708 fibula
766 648 912 727 mordet,

88 750 281 837 Egregium
293 750 401 813 forma
413 749 586 825 iuvenem,
605 759 638 813 et
656 751 858 838 fulgentibus
872 753 988 838 armis,

89 854 312 942 Transadigit
326 866 446 936 costas,
461 851 774 933 fulvaquc‘effundit
790 877 901 923 arena.

90 961 136 1021 At
150 960 286 1038 fratres,
298 956 445 1019 animosa
458 958 620 1039 phalanx,
640 977 843 1042 accensaque
854 964 961 1044 luctu,

90 1066 178 1125 Pars
191 1061 319 1150 gladios
333 1062 498 1147 stringunt
511 1062 681 1145 manibus,
703 1084 781 1148 pars
795 1066 917 1130 missile
931 1070 1057 1132 serrum
1073 1089 1075 1098 ·

94 1162 313 1251 corripiunt,
336 1167 490 1248 caecique
508 1180 619 1232 ruunt.
641 1174 733 1257 Quos
746 1170 880 1257 agmina
893 1184 1009 1238 contra
1023 1206 1026 1211 ·

94 1277 303 1338 Procurrunt
313 1278 533 1338 Laurentum-2
544 1276 622 1339 binc
639 1277 732 1341 densi
747 1298 859 1341 rursus
868 1278 1034 1343 inundant

94 1377 206 1441 Tro‘e's
221 1378 435 1463 Agyllinique
447 1424 458 1460 ,
468 1390 500 1443 et
515 1380 610 1464 pictis
622 1383 762 1444 Arcades
776 1380 885 1444 armis.
916 1386 919 1391 ’
1007 1402 1011 1407 ’
1029 1411 1031 1416 ·

97 1479 153 1543 Sic
170 1480 280 1545 omnis
298 1500 393 1543 amor
407 1504 494 1547 unus
508 1485 608 1547 hahet
619 1486 798 1549 'decernere
814 1484 914 1547 ferro.

96 1590 279 1686 Diripuere
293 1590 383 1655 aras:
401 1589 429 1654 it
445 1601 512 1655 toto
527 1592 658 1655 turbida
675 1595 768 1657 coelo
995 1576 998 1580 ⁸

33 1678 37 1689 ⁸
97 1697 292 1778 Tempestas
308 1698 464 1776 telorum,
479 1716 517 1759 ac
532 1694 656 1761 ferrcus
672 1697 800 1781 ingruit
813 1698 941 1776 imber,

99 1806 317 1885 craterasque
330 1802 486 1882 locusque
499 1802 617 1865 lerunt.
637 1804 734 1889 Fugit
743 1802 815 1886 ipse
827 1802 964 1866 Latinus

99 1909 252 1971 Pulsatos
265 1908 408 1971 referens
423 1907 545 1971 infecto
559 1909 692 1971 foedere
712 1908 823 1971 Divos.

99 2009 277 2073 Infrenant
287 2010 344 2074 alii
356 2032 487 2092 currus,
506 2022 563 2074 aut
581 2031 720 2095 corpora
739 2014 825 2076 saltu
851 1997 861 2007 ”
890 2014 894 2026 ’

99 2114 289 2178 Sublicium
302 2115 339 2179 in
351 2102 471 2199 equos,
489 2127 521 2179 ct
538 2114 656 2189 strictis
668 2116 801 2179 ensibus
812 2118 941 2182 adsunt.
966 2120 975 2135 '
1004 2120 1062 2183 288

101 2223 271 2303 Messapus
285 2240 412 2307 regem,
431 2218 581 2305 regisque
598 2218 727 2304 insigne
747 2231 932 2305 gerentem,

101 2322 315 2403 Tyrrhenum
327 2324 500 2404 Aulesten,
518 2323 634 2385 uvidus
648 2323 850 2386 confundere
865 2325 997 2405 foedus,

102 2428 252 2487 Adverso
264 2434 425 2507 proterret
434 2446 538 2506 equo:
555 2427 621 2489 ruit
632 2426 689 2490 ille
706 2428 878 2510 recedens,
992 2415 993 2418 Ἴ

102 2526 142 2588 Et
155 2527 257 2591 miser
270 2528 428 2611 oppositis
441 2547 461 2592 a
473 2538 564 2615 tergo
581 2527 765 2592 involvitur
782 2530 848 2593 aris
950 2574 953 2577 -
1046 2522 1049 2527 ’

103 2633 143 2695 In
156 2631 366 2714 caputinque
377 2634 543 2695 humeros.
561 2632 1001 2708 Attervidusadvolathasta
1041 2629 1043 2632 ¹

102 2740 288 2819 Messapus,
305 2738 437 2819 teloque
452 2746 603 2799 orantem
621 2736 725 2798 multa
740 2735 860 2797 trabali
978 2759 980 2772 ·

103 2843 255 2924 Desuper
272 2844 356 2904 altus
369 2862 456 2923 equo
473 2838 618 2926 graviter
633 2838 726 2919 ierit,
743 2849 842 2919 atque
856 2838 902 2901 ita
912 2838 1018 2900 satur:

103 2952 178 3011 Hoc
191 2948 309 3023 hahet}
326 2950 407 3010 haec
424 2949 542 3009 melior
555 2946 683 3033 magnis
699 2947 776 3008 data
786 2943 922 3007 victima
937 2943 1041 3008 Divis.

104 3059 316 3119 Concurrunt
326 3052 415 3132 Itali,
428 3050 636 3134 spoliantque
651 3048 790 3112 calentia
811 3050 969 3111 membra.

78 3198 80 3201 -
106 3156 236 3220 Obvius
249 3158 436 3217 ambustum
454 3166 574 3215 torrem
593 3154 784 3231 Corynaeus
802 3150 914 3211 abara

105 3256 267 3339 Corripit,
284 3266 315 3319 et
330 3254 477 3319 venienti
490 3256 598 3316 Ebuso
616 3254 816 3337 plagamque
830 3249 951 3314 ferenti

107 3368 257 3447 Occupat
267 3384 304 3427 os
319 3358 475 3425 flammis:
492 3358 552 3421 olli
563 3357 679 3442 ingens
692 3358 795 3419 barba
807 3352 945 3434 reluxit,

104 3471 330 3549 Nidoremque
345 3469 495 3530 ambusta
508 3464 618 3527 dedit:
633 3484 732 3543 super
744 3461 815 3545 ipse
826 3471 954 3523 secutus

106 3556 400 3635 Caesariemlaeva
411 3568 533 3633 turbati
550 3564 686 3647 corripit
702 3566 818 3646 bostis,

106 3678 337 3760 lmpresscque
351 3696 439 3762 genu
454 3673 560 3738 nitens
575 3681 679 3733 terrae
696 3671 841 3752 applicat
852 3670 980 3751 ipsum:

107 3782 161 3847 Sic
175 3782 287 3868 rigido
299 3782 385 3845 latus
398 3798 477 3850 ense
488 3776 574 3843 ferit.
590 3774 773 3841 Podalirius
787 3777 902 3841 Alsum
