2809 4817
253 406 255 411 -
317 278 522 426 llIBER
561 362 681 427 vlu.
720 367 845 433 nial·
1007 386 1067 451 217

92 509 184 577 Solis
197 509 377 575 inardescit
386 510 507 593 radiis,
522 512 689 599 longeque
706 514 869 601 refulget3
916 512 919 522 '

92 624 188 683 Tum
202 618 307 683 laevis
321 638 433 683 ocreas
452 622 575 683 electro
593 641 743 702 auroque
758 633 907 707 recocto,

92 734 321 811 Hastamque,
339 739 371 795 et
384 728 484 813 clipei
500 748 570 793 non
585 729 774 795 enarrabile
793 740 928 795 textum.

92 840 172 907 Illic
188 861 242 907 res
259 840 358 905 Italas
375 840 671 922 Romanorumque
686 841 886 926 triumphos,

24 932 29 941 ’
92 950 197 1012 Haud
212 958 328 1011 vatum
341 947 479 1033 ignarus
496 948 695 1030 venturique
710 949 833 1013 inscius
848 949 938 1032 aevi,

93 1054 235 1116 Fecerat
251 1049 465 1136 Ignipotens:
487 1046 558 1113 illic
570 1067 677 1139 ‘genna
696 1070 797 1115 omne
811 1052 943 1115 thurae

93 1159 215 1243 Stirpis
225 1159 435 1241 abAseanio,
447 1170 660 1245 pugnataque
673 1161 710 1223 in
727 1160 847 1224 ordine
859 1162 960 1226 bella.

95 1264 234 1327 Fecerat
252 1273 285 1326 ct
305 1261 405 1326 viridi
422 1264 522 1327 letam
539 1263 698 1327 Mavortis
711 1262 747 1325 in
763 1273 862 1327 antro

95 1348 318 1433 Procubnisse
331 1370 463 1454 lupam:
484 1369 634 1455 geminos
652 1368 732 1431 huie
745 1368 850 1431 ubera
863 1366 991 1435 &cum

95 1474 230 1539 Ludere
242 1475 419 1558 pendentis
431 1493 569 1559 pueros,
591 1486 623 1538 et
637 1477 786 1540 lambere
801 1484 943 1540 matrem

96 1577 309 1661 impavidosq
327 1578 422 1641 illam
439 1580 534 1643 tereti
549 1578 678 1642 cervice
696 1580 854 1643 reflexam

97 1688 247 1751 Mulcere
260 1688 424 1769 alternos,
445 1696 478 1749 et
499 1676 640 1770 ¹corpora
656 1686 785 1773 fingere
800 1686 927 1776 lingua.

96 1797 162 1861 Nec
170 1798 293 1879 procul
305 1795 384 1859 hine
391 1798 546 1879 Romam,
559 1807 592 1859 et
600 1808 710 1881 raptas
717 1798 788 1862 sine
796 1819 890 1863 more
898 1796 1039 1868 Sabinas

98 1907 259 1967 Consessu
274 1894 408 1987 caveae,
422 1904 553 1993 magnis
569 1906 780 1969 Circensibus
789 1906 887 1989 actis,

98 2010 296 2091 Addiderat,
316 2010 492 2091 subitoque
504 2030 630 2073 norum
643 2030 842 2097 consurgere
854 2012 982 2074 bellum

97 2113 309 2195 Romulidis,
324 2114 485 2195 Tatioque
502 2113 589 2197 seni,
602 2114 811 2195 Curibusque
823 2114 956 2181 severis.
1003 2116 1063 2181 6³8

98 2220 171 2283 Post
179 2214 290 2303 idem,
311 2219 446 2284 interae
458 2219 566 2303 posito
579 2219 777 2299 certamine,
799 2238 894 2303 reges

98 2322 224 2386 Armati
240 2322 329 2385 Iovis
347 2332 422 2386 ante
440 2340 550 2403 aram,
570 2331 766 2404 paterasque
780 2330 948 2405 tenentes,

97 2432 248 2512 Stabant,
260 2440 293 2493 et
306 2448 399 2493 caesa
413 2429 596 2517 iungebant
608 2430 743 2492 foedera
753 2448 867 2512 porca.

98 2536 196 2601 Haud
206 2539 325 2620 procul
338 2537 431 2618 inde,
449 2536 533 2599 citae
541 2538 668 2599 Metam
681 2535 858 2600 indiverso
868 2536 1051 2625 quadrigae

98 2642 313 2725 Distulerant,
332 2642 389 2727 (at
403 2651 437 2703 tu
449 2642 560 2723 dictis,
574 2644 719 2724 Albane,
738 2662 889 2707 maneres
900 2648 932 2729 t)

98 2750 329 2833 Raptabatqne
345 2746 410 2809 viri
429 2746 599 2811 mendacis
616 2746 743 2811 viscera
763 2750 882 2812 Tullus

30 2900 39 2917 .
98 2858 158 2921 Per
168 2858 307 2938 silvam,
319 2866 352 2919 et
366 2855 470 2938 sparsi
488 2856 645 2917 rorabant
662 2852 964 2946 sanguineaepres.

99 2966 167 3028 Nec
177 2983 253 3027 non
264 2962 487 3044 Tarquinium
503 2963 645 3025 eiectum
659 2964 803 3027 Porsena
816 2961 954 3026 iubebat

97 3078 274 3161 Accipere,
290 3073 608 3160 ingentiqueurbem
618 3072 792 3142 obsidione
800 3073 988 3167 premebat:

97 3184 273 3250 Aeneadae
287 3181 323 3244 in
335 3180 463 3244 ferrum
476 3198 538 3264 pro
547 3178 698 3241 libertate
713 3178 864 3244 ruebant.

80 3334 82 3345 ι
96 3288 196 3353 Illum
208 3284 398 3373 indignanti
413 3284 573 3366 similem,
589 3276 799 3365 similemque
811 3281 953 3345 minanti

97 3396 308 3481 Adspice-res,
321 3404 457 3477 pontem
467 3392 604 3455 auderet
619 3393 710 3471 quod
725 3392 848 3456 vellere
860 3388 991 3475 cocles,

98 3504 136 3565 Et
149 3500 293 3565 flurium
308 3500 428 3565 vinclis
439 3499 570 3564 innaret
584 3496 712 3560 Cloelia
725 3497 842 3580 ruptis.
905 3544 907 3548 -

97 3606 137 3669 In
151 3625 285 3671 summo
299 3616 406 3673 custos
420 3603 581 3688 Tarpeiae
596 3602 744 3668 Manlius
756 3602 841 3667 areis

97 3716 215 3778 Stabat
228 3732 291 3797 pro
309 3714 450 3797 templo,
465 3724 498 3776 et
510 3712 675 3797 Capitolia
683 3703 774 3777 'celsa
785 3714 938 3798 tenebat,

98 3816 353 3903 [Romuleoque
369 3820 658 3889 reeensborrebat
672 3821 764 3912 regia
777 3820 919 3904 cutura]
