2809 4817
314 306 519 434 mssa
559 366 640 433 ΙΙΙ.
680 368 805 452 vra78.
1007 386 1047 455 77

130 512 209 606 Ergo
223 510 389 601 insperata
400 521 533 584 taudem
548 520 665 583 tellure
678 518 790 603 potiti,

98 624 338 705 lustramurque
348 624 438 707 lovi,
455 626 605 709 votisque
620 626 830 693 incendimus
840 642 928 708 aras3

98 727 240 809 Actiaque
254 726 364 791 Iliacis
382 729 587 791 celebramus
600 727 698 791 litora
712 727 810 792 ludis.

99 832 240 895 Exercent
252 832 376 915 patrias
386 834 461 895 oleo
476 834 608 897 labente
623 836 802 917 palaestras

100 932 203 999 Nudati
216 935 308 1001 socii.
323 936 419 1001 Iuvat
432 938 571 1002 evasisse
592 948 639 1003 tot
654 939 749 1004 urhis

100 1040 265 1127 Argolicas,
285 1042 478 1124 mediosque
486 1044 601 1129 fugam
615 1045 756 1109 tenuisse
771 1066 833 1130 per
845 1046 958 1113 hostis.

101 1149 210 1211 Interea
224 1168 385 1235 magnum
398 1150 448 1211 sol
462 1148 735 1213 circumvolvitur
747 1171 873 1215 annum
880 1198 890 1234 ,

101 1254 130 1317 Et
142 1255 282 1344 glacialis
295 1254 402 1318 hiems
414 1253 636 1335 Aquilonibus
651 1264 782 1338 asperat
795 1259 912 1320 undas.

101 1364 168 1443 Aere
185 1381 266 1425 cavo
282 1360 446 1443 clipeum,
466 1359 581 1447 magni
597 1366 766 1448 gestamen
780 1362 936 1444 Abantis,

101 1464 229 1531 Postibus
242 1467 388 1531 adversis
399 1465 482 1555 ligo,
499 1478 531 1530 ct
540 1486 615 1530 rem
628 1468 775 1533 carmine
793 1468 908 1555 signo:

102 1571 214 1633 Aestas
228 1588 316 1633 alac
335 1572 522 1655 osDarsars
541 1588 740 1634 vrcronraus
756 1590 862 1635 anns.

101 1674 245 1757 linquere
258 1685 329 1739 tum
344 1682 458 1757 portus
469 1672 586 1754 iubeo,
604 1680 638 1735 et
652 1672 823 1738 considere
838 1674 998 1740 transtris.

102 1771 237 1844 &malim
253 1779 335 1845 socii
347 1778 469 1845 feriunt
481 1800 572 1842 mare
577 1826 588 1861 ,
602 1788 635 1843 et
643 1799 789 1861 aequora
801 1790 949 1846 verrunt.

103 1884 239 1949 Proterrus
254 1884 359 1950 a'e‘rias
370 1888 556 1949 Phaeacum
573 1885 805 1951 abscondimus
818 1906 924 1971 arces,

102 1985 256 2069 Litoraque
267 1986 361 2070 Epiri
376 1986 536 2081 legimus,
552 1998 717 2072 portuque
731 1990 881 2056 subimus

103 2090 249 2172 Chaonio,
262 2100 296 2153 et
308 2092 428 2155 celsam
447 2090 597 2153 Buthroti
612 2091 799 2156 accedimus
811 2084 941 2157 urbem.
985 2094 1043 2178 apd

131 2184 186 2255 Hic
198 2191 403 2265 incredibilis
413 2194 627 2263 rerumlama
638 2204 779 2275 occupat
795 2194 902 2275 auris,

101 2296 268 2367 Priamiden
283 2303 451 2366 Helenum
463 2300 581 2364 Graias
594 2316 734 2387 regnare
743 2319 808 2381 per
821 2302 928 2385 urbis,

101 2408 243 2495 Coniugio
255 2407 416 2471 Aeacidae
428 2404 554 2497 'Pyrrhi
569 2403 770 2487 sceptrisque
782 2401 941 2486 potitum

102 2514 133 2577 Et
146 2516 245 2598 pallio
260 2514 515 2579 Andromachen
529 2512 652 2575 iterum
666 2510 797 2575 cessisse
810 2510 941 2575 marito.

103 2621 260 2705 Obstupui:
276 2620 428 2702 miroque
441 2619 613 2685 incensum
628 2626 743 2701 pectus
755 2636 885 2701 amore,

102 2724 290 2807 Compellare
302 2724 430 2806 virum,
448 2734 481 2787 et
493 2743 587 2787 casus
605 2742 805 2807 cognoscere
820 2732 937 2788 tantos

101 2826 281 2911 Progredior
293 2836 408 2910 portu,
428 2826 537 2891 classis
548 2835 580 2889 et
596 2824 695 2889 litora
714 2826 880 2907 linquens.
982 2888 989 2901 ,

101 2926 256 2993 solennis
267 2937 338 2991 tum
351 2927 438 2991 forte
455 2929 572 3011 dapes,
591 2936 623 2989 et
639 2926 743 2990 tristia
761 2930 866 3011 dona,

56 3046 58 3051 ·
101 3030 172 3094 Aule
182 3034 299 3096 urbem
314 3030 351 3095 in
362 3033 458 3111 lucc,
475 3031 552 3095 falsi
568 3030 745 3093 Simo‘e'ntis
757 3034 802 3095 ad
817 3034 961 3119 undam,

101 3135 220 3203 libabat
236 3137 343 3203 cineri
354 3137 600 3218 Andromache,
620 3137 795 3218 Manisque
805 3143 945 3203 vocabat

100 3238 282 3305 Hectoreum
296 3241 341 3303 ad
351 3234 534 3301 tumulum!
541 3237 642 3303 viridi
651 3258 752 3323 quem
763 3240 883 3322 cespite
892 3241 1042 3330 inanem,

100 3344 132 3413 Et
140 3348 300 3433 geminas,
314 3366 446 3412 cauum
461 3346 620 3428 lacrimis,
638 3357 826 3410 sacraverat
836 3366 920 3411 aras.

101 3444 135 3511 Ut
146 3472 197 3514 me
209 3449 599 3533 conspexitvcnicntem,
619 3458 651 3511 et
665 3452 766 3512 Troia
783 3449 910 3515 mcum

99 3550 185 3615 Arma
200 3574 315 3617 amens
325 3551 423 3618 vidit:
440 3550 570 3639 magnis
587 3550 741 3615 exterrita
756 3553 913 3619 monstris
1015 3557 1017 3562 ’

100 3652 234 3744 Deriguit
244 3657 318 3721 visu
331 3650 375 3720 ‘in
386 3658 511 3736 medio;
527 3657 620 3721 calor
630 3675 703 3719 ossa
717 3657 861 3739 reliquit.

99 3756 237 3849 labitur,
256 3764 407 3852 erlongo
421 3763 479 3831 uix
496 3764 631 3831 tandem
640 3766 909 3848 temporefatura
