2809 4817
281 339 285 346 '
384 355 776 447 consuetu.
999 369 1058 434 ura

93 506 141 568 Et
149 509 280 569 vastum
290 502 527 592 Phlegethonta
540 505 624 588 pati:
637 525 707 587 qno
719 505 863 571 maxima
871 507 980 577 Minos

94 591 330 672 conscelerata
342 606 398 690 pia
411 607 567 673 discernit
575 608 710 673 vincula
721 614 807 678 sede.
1017 595 1022 602 ’

93 710 189 797 Ergo
202 711 413 783 inmcausam
427 711 542 774 mortis
557 732 612 776 me
626 711 735 778 dicere
747 715 877 780 vinctae

92 817 302 883 Verberibus
311 837 409 880 saevo
419 828 541 905 cogunt
553 822 596 883 ab
607 819 716 886 iudice
729 825 873 888 Poenae:

91 925 185 985 Cum
195 920 279 984 mihi
290 930 326 984 tu
336 922 380 985 sis
390 941 488 986 causa
499 923 595 1006 mali,
607 946 668 989 nec
679 926 828 992 conscius
843 928 945 1014 adsis,

93 1027 162 1089 Sed
174 1025 400 1090 tolerabilibus
409 1027 496 1092 curis
507 1028 589 1091 haec
603 1027 779 1094 immemor
793 1033 905 1118 audis3

93 1137 194 1217 Quae
205 1134 479 1216 tamen,utvunis
489 1135 655 1199 dimittens
666 1135 780 1200 omnia
790 1137 913 1223 ventis,

91 1235 276 1322 Digredior
290 1257 461 1319 nunquam
470 1237 651 1317 rediturus3
665 1250 700 1300 tu
711 1241 781 1302 cole
795 1239 895 1303 fontis

90 1343 138 1403 Et
147 1341 265 1404 viridis
273 1362 449 1407 nemorum
460 1341 558 1406 silvas
569 1351 600 1404 et
615 1360 737 1424 pascua
751 1343 875 1407 laetus:

89 1445 137 1520 Et
150 1461 226 1506 mea
235 1439 372 1508 diffirsas
383 1443 553 1527 rapiantur
566 1441 652 1506 dicta
666 1456 726 1526 per
740 1463 845 1507 auras.

90 1544 207 1610 Dixit:
220 1554 253 1609 et
266 1555 412 1610 extrema
424 1544 523 1610 tristis
535 1566 610 1610 cum
623 1565 704 1609 voce
717 1545 858 1610 recessit.

137 1637 237 1712 Hunc
249 1648 309 1711 ubi
325 1647 505 1712 sollicitum
510 1648 642 1713 'dimisit
654 1649 773 1712 inertia
786 1651 887 1728 vitae;

90 1753 237 1816 Interius
246 1750 394 1839 graviter
401 1761 546 1816 mentem
558 1772 656 1840 aeger
668 1775 730 1824 nec
744 1753 818 1817 tulit
831 1755 917 1816 ultra

91 1858 250 1923 Sensibus
261 1857 409 1923 infusum
420 1858 541 1924 Culicis
554 1861 597 1922 de
610 1871 717 1922 morte
731 1860 891 1922 dolorem.

93 1967 398 2050 Quantumcunque
411 1963 476 2028 sibi
485 1963 572 2026 uires
583 1963 726 2025 tribuere
736 1962 872 2043 seniles,
995 1965 1055 2044 ³87

89 2063 201 2154 (Quis
210 2077 320 2132 tamen
331 2068 487 2134 infestum
500 2088 653 2154 pugnans
663 2069 829 2130 devicerat
840 2071 991 2153 hostem)

89 2173 218 2236 Rivum
229 2184 365 2256 propter
376 2190 498 2254 aquae,
508 2170 608 2233 viridi
619 2173 682 2233 sub
696 2153 819 2233 fronde
827 2172 983 2234 latentem

91 2275 311 2338 Conlormare
321 2272 433 2335 locum
443 2272 530 2357 capit
539 2271 697 2358 impiger:
708 2275 797 2335 hunc
813 2283 843 2335 et
852 2272 888 2334 in
897 2277 1014 2337 orbem

90 2379 259 2461 Destinat,
269 2399 308 2440 ac
319 2378 399 2441 ferri
412 2379 567 2463 capulum
582 2375 736 2460 repetivit
745 2376 782 2437 in
795 2397 908 2459 usum,
952 2401 955 2408 ⁴

65 2491 69 2500 '
91 2484 310 2550 Gramiueam
321 2494 358 2546 ut
367 2483 467 2546 viridi
479 2484 605 2546 foderet
617 2484 658 2544 de
669 2479 790 2564 cespite
801 2494 931 2544 terram.

88 2596 163 2656 Iam
176 2607 305 2655 memor
316 2589 483 2674 inceptum
497 2608 656 2676 peragens
670 2585 734 2649 sibi
751 2605 828 2649 curo
842 2589 990 2649 laborem

91 2692 294 2784 congestum
310 2694 489 2760 cumulavit
502 2716 586 2779 opus
591 2741 602 2778 ,
613 2706 711 2775 atque
723 2713 842 2780 aggere
857 2696 963 2768 multo

88 2803 237 2870 Telluris
250 2803 396 2866 tumulus
408 2801 585 2864 formatum
600 2800 701 2862 crevit
718 2799 753 2860 in
765 2801 897 2861 orbemr

90 2907 203 2996 Quem
214 2906 339 2970 circum
354 2906 500 2988 lapidem
512 2905 601 2969 laevi
611 2904 652 2966 de
667 2923 833 2964 marmore
847 2905 993 2971 formans
1060 2959 1062 2968 .

89 3011 242 3078 Conserit
252 3011 401 3088 assiduae
417 3030 514 3072 curae
529 3029 665 3071 memor.
684 3001 749 3070 Hic
762 3019 793 3071 et
802 3014 960 3075 acanthus
966 3059 989 3097 ‚¹

89 3125 131 3184 Et
143 3139 219 3183 rosa
234 3134 402 3201 purpureo
421 3115 535 3178 crescit
547 3115 732 3177 rubicunda
747 3118 871 3198 colore,

89 3233 132 3293 Et
143 3229 253 3292 uiolae
267 3246 371 3314 genus
385 3207 484 3287 omne
500 3217 556 3286 hic
567 3235 630 3305 est,
643 3234 675 3286 et
688 3223 835 3306 Spartica
848 3237 995 3310 myrtus,
1103 3283 1105 3286 .

89 3338 202 3414 Atque
211 3316 429 3413 hyacinthum
441 3338 471 3390 et
484 3319 539 3389 hic
550 3324 646 3388 Cilici
655 3343 768 3391 crocus
780 3327 886 3391 editus
896 3349 992 3406 arv03
1110 3343 1112 3347 ·

89 3441 220 3501 Laurus
227 3436 306 3500 item
316 3433 443 3498 Phoebi
451 3453 589 3517 surgens
600 3433 698 3495 decus
708 3454 717 3509 3
728 3425 783 3493 hic
793 3435 1041 3520 rhododaphne,

88 3528 258 3621 Liliaque,
271 3549 303 3601 et
315 3539 398 3602 roris
410 3535 566 3600 nonxavia
581 3554 660 3630 cura
674 3535 809 3628 marini,

89 3648 271 3725 Herbaquc
288 3645 367 3709 turis
381 3664 460 3727 opes
471 3639 586 3726 priscis
599 3639 726 3702 imitata
737 3641 869 3720 Sabina,
1054 3705 1057 3713 ,

90 3754 402 3834 Chrysanthusque,
413 3752 595 3830 ederaeque
604 3746 703 3832 nitor,
715 3750 861 3840 pallente
871 3749 1044 3834 corymbo,

159 3847 246 3921 Virgil.
264 3851 372 3906 Volltl.
826 3867 858 3920 23

773 4003 841 4064 s
