<?xml version="1.0" encoding="UTF-8"?>
<!DOCTYPE html PUBLIC "-//W3C//DTD XHTML 1.0 Transitional//EN"
    "http://www.w3.org/TR/xhtml1/DTD/xhtml1-transitional.dtd">
<html xmlns="http://www.w3.org/1999/xhtml" xml:lang="en" lang="en">
 <head>
  <title>
</title>
<meta http-equiv="Content-Type" content="text/html;charset=utf-8" />
  <meta name='ocr-system' content='tesseract 3.04.00' />
  <meta name='ocr-capabilities' content='ocr_page ocr_carea ocr_par ocr_line ocrx_word'/>
</head>
<body>
  <div class='ocr_page' id='page_1' title='image "./pvirgiliimaroni00clasgoog/pvirgiliimaroni00clasgoog_0211.png"; bbox 0 0 2809 4817; ppageno 0'>
   <div class='ocr_carea' id='block_1_1' title="bbox 119 327 1091 563">
    <p class='ocr_par' dir='ltr' id='par_1_1' title="bbox 119 327 1091 563">
     <span class='ocr_line' id='line_1_1' title="bbox 359 327 1091 419; baseline 0.007 -23"><span class='ocrx_word' id='word_1_1' title='bbox 359 330 564 396; x_wconf 80' lang='lat' dir='ltr'>LIBER</span> <span class='ocrx_word' id='word_1_2' title='bbox 598 327 718 399; x_wconf 84' lang='lat' dir='ltr'>vm.</span> <span class='ocrx_word' id='word_1_3' title='bbox 746 329 861 395; x_wconf 64' lang='lat' dir='ltr'>ubl.</span> <span class='ocrx_word' id='word_1_4' title='bbox 1029 356 1091 419; x_wconf 73' lang='lat'>²29</span> 
     </span>
     <span class='ocr_line' id='line_1_2' title="bbox 119 428 1071 563; baseline 0.001 -19"><span class='ocrx_word' id='word_1_5' title='bbox 119 476 169 545; x_wconf 83' lang='lat' dir='ltr'>lli</span> <span class='ocrx_word' id='word_1_6' title='bbox 184 432 317 543; x_wconf 77' lang='lat' dir='ltr'>belluni</span> <span class='ocrx_word' id='word_1_7' title='bbox 332 434 464 542; x_wconf 70' lang='lat' dir='ltr'>maidue</span> <span class='ocrx_word' id='word_1_8' title='bbox 480 478 606 539; x_wconf 83' lang='lat' dir='ltr'>ducunt</span> <span class='ocrx_word' id='word_1_9' title='bbox 624 428 812 563; x_wconf 77' lang='lat' dir='ltr'>cumgente</span> <span class='ocrx_word' id='word_1_10' title='bbox 826 473 964 559; x_wconf 77' lang='lat' dir='ltr'>Latina3</span> <span class='ocrx_word' id='word_1_11' title='bbox 1066 537 1071 545; x_wconf 92' lang='lat'><em>.</em></span> 
     </span>
    </p>
   </div>
   <div class='ocr_carea' id='block_1_2' title="bbox 38 574 1180 3855">
    <p class='ocr_par' dir='ltr' id='par_1_2' title="bbox 40 574 925 669">
     <span class='ocr_line' id='line_1_3' title="bbox 40 574 925 669; baseline 0.006 -30"><span class='ocrx_word' id='word_1_12' title='bbox 40 574 42 639; x_wconf 74' lang='lat' dir='ltr'>l</span> <span class='ocrx_word' id='word_1_13' title='bbox 120 583 194 647; x_wconf 86' lang='lat' dir='ltr'>Hos</span> <span class='ocrx_word' id='word_1_14' title='bbox 212 580 325 647; x_wconf 86' lang='lat' dir='ltr'>eastris</span> <span class='ocrx_word' id='word_1_15' title='bbox 337 580 459 643; x_wconf 83' lang='lat' dir='ltr'>adhibe</span> <span class='ocrx_word' id='word_1_16' title='bbox 472 578 595 661; x_wconf 88' lang='lat' dir='ltr'>socios,</span> <span class='ocrx_word' id='word_1_17' title='bbox 615 588 647 643; x_wconf 85' lang='lat' dir='ltr'>et</span> <span class='ocrx_word' id='word_1_18' title='bbox 659 576 793 644; x_wconf 80' lang='lat' dir='ltr'><strong>foedera</strong></span> <span class='ocrx_word' id='word_1_19' title='bbox 809 579 925 669; x_wconf 80' lang='lat' dir='ltr'>iunge.</span> 
     </span>
    </p>

    <p class='ocr_par' dir='ltr' id='par_1_3' title="bbox 39 668 886 773">
     <span class='ocr_line' id='line_1_4' title="bbox 39 668 886 773; baseline -0.001 -23"><span class='ocrx_word' id='word_1_20' title='bbox 39 668 42 721; x_wconf 75' lang='lat' dir='ltr'>f</span> <span class='ocrx_word' id='word_1_21' title='bbox 120 688 200 769; x_wconf 83' lang='lat' dir='ltr'>lpse</span> <span class='ocrx_word' id='word_1_22' title='bbox 217 705 281 773; x_wconf 81' lang='lat' dir='ltr'>ego</span> <span class='ocrx_word' id='word_1_23' title='bbox 293 693 326 749; x_wconf 90' lang='lat' dir='ltr'>te</span> <span class='ocrx_word' id='word_1_24' title='bbox 339 684 421 769; x_wconf 90' lang='lat' dir='ltr'>ripis</span> <span class='ocrx_word' id='word_1_25' title='bbox 434 692 466 748; x_wconf 89' lang='lat' dir='ltr'>et</span> <span class='ocrx_word' id='word_1_26' title='bbox 481 693 572 749; x_wconf 89' lang='lat' dir='ltr'>recto</span> <span class='ocrx_word' id='word_1_27' title='bbox 587 684 726 749; x_wconf 86' lang='lat' dir='ltr'>flumine</span> <span class='ocrx_word' id='word_1_28' title='bbox 744 686 886 769; x_wconf 89' lang='lat' dir='ltr'>ducam,</span> 
     </span>
    </p>

    <p class='ocr_par' dir='ltr' id='par_1_4' title="bbox 38 787 1180 983">
     <span class='ocr_line' id='line_1_5' title="bbox 38 787 982 871; baseline 0.004 -20"><span class='ocrx_word' id='word_1_29' title='bbox 38 800 39 803; x_wconf 76' lang='grc'>’</span> <span class='ocrx_word' id='word_1_30' title='bbox 120 791 310 854; x_wconf 80' lang='lat' dir='ltr'>Adversum</span> <span class='ocrx_word' id='word_1_31' title='bbox 326 787 427 850; x_wconf 89' lang='lat' dir='ltr'>remis</span> <span class='ocrx_word' id='word_1_32' title='bbox 447 806 584 871; x_wconf 85' lang='lat' dir='ltr'>superes</span> <span class='ocrx_word' id='word_1_33' title='bbox 596 792 772 853; x_wconf 75' lang='lat' dir='ltr'>subvectas</span> <span class='ocrx_word' id='word_1_34' title='bbox 784 799 821 853; x_wconf 89' lang='lat' dir='ltr'>ut</span> <span class='ocrx_word' id='word_1_35' title='bbox 833 808 982 859; x_wconf 77' lang='lat' dir='ltr'>amem.</span> 
     </span>
     <span class='ocr_line' id='line_1_6' title="bbox 85 888 1180 983; baseline 0.006 -24"><span class='ocrx_word' id='word_1_36' title='bbox 85 888 87 897; x_wconf 70' lang='lat'>&#39;</span> <span class='ocrx_word' id='word_1_37' title='bbox 122 898 231 983; x_wconf 80' lang='lat' dir='ltr'>Surge</span> <span class='ocrx_word' id='word_1_38' title='bbox 241 914 317 983; x_wconf 80' lang='lat' dir='ltr'>age,</span> <span class='ocrx_word' id='word_1_39' title='bbox 334 904 412 957; x_wconf 87' lang='lat' dir='ltr'>nate</span> <span class='ocrx_word' id='word_1_40' title='bbox 426 896 515 974; x_wconf 82' lang='lat' dir='ltr'>Dea3</span> <span class='ocrx_word' id='word_1_41' title='bbox 533 894 717 979; x_wconf 83' lang='lat' dir='ltr'>primisque</span> <span class='ocrx_word' id='word_1_42' title='bbox 730 894 923 963; x_wconf 74' lang='lat' dir='ltr'>cadentibus</span> <span class='ocrx_word' id='word_1_43' title='bbox 938 896 1035 965; x_wconf 74' lang='lat' dir='ltr'>utria</span> <span class='ocrx_word' id='word_1_44' title='bbox 1172 894 1180 911; x_wconf 82' lang='lat'><em>⁰</em></span> 
     </span>
    </p>

    <p class='ocr_par' dir='ltr' id='par_1_5' title="bbox 119 987 1006 1085">
     <span class='ocr_line' id='line_1_7' title="bbox 119 987 1006 1085; baseline 0.008 -22"><span class='ocrx_word' id='word_1_45' title='bbox 119 998 247 1064; x_wconf 89' lang='lat' dir='ltr'>Iunoni</span> <span class='ocrx_word' id='word_1_46' title='bbox 261 1000 312 1063; x_wconf 82' lang='lat' dir='ltr'>ler</span> <span class='ocrx_word' id='word_1_47' title='bbox 328 998 391 1061; x_wconf 91' lang='lat' dir='ltr'>rite</span> <span class='ocrx_word' id='word_1_48' title='bbox 405 1020 541 1083; x_wconf 84' lang='lat' dir='ltr'>preces,</span> <span class='ocrx_word' id='word_1_49' title='bbox 555 1000 707 1083; x_wconf 81' lang='lat' dir='ltr'>iramque</span> <span class='ocrx_word' id='word_1_50' title='bbox 720 1001 895 1085; x_wconf 82' lang='lat' dir='ltr'>minasque</span> <span class='ocrx_word' id='word_1_51' title='bbox 1003 987 1006 998; x_wconf 50' lang='lat'><strong><em>¹</em></strong></span> 
     </span>
    </p>

    <p class='ocr_par' dir='ltr' id='par_1_6' title="bbox 121 1101 982 1189">
     <span class='ocr_line' id='line_1_8' title="bbox 121 1101 982 1189; baseline 0.005 -22"><span class='ocrx_word' id='word_1_52' title='bbox 121 1101 336 1189; x_wconf 81' lang='lat' dir='ltr'>Supplicibus</span> <span class='ocrx_word' id='word_1_53' title='bbox 352 1120 473 1185; x_wconf 80' lang='lat' dir='ltr'>supera</span> <span class='ocrx_word' id='word_1_54' title='bbox 483 1101 578 1167; x_wconf 81' lang='lat' dir='ltr'>votis.</span> <span class='ocrx_word' id='word_1_55' title='bbox 596 1102 682 1167; x_wconf 88' lang='lat' dir='ltr'>Mihi</span> <span class='ocrx_word' id='word_1_56' title='bbox 695 1103 804 1169; x_wconf 79' lang='lat' dir='ltr'>victor</span> <span class='ocrx_word' id='word_1_57' title='bbox 816 1108 982 1171; x_wconf 84' lang='lat' dir='ltr'>honorem</span> 
     </span>
    </p>

    <p class='ocr_par' dir='ltr' id='par_1_7' title="bbox 121 1210 1013 1297">
     <span class='ocr_line' id='line_1_9' title="bbox 121 1210 1013 1297; baseline 0.008 -22"><span class='ocrx_word' id='word_1_58' title='bbox 121 1212 304 1277; x_wconf 81' lang='lat' dir='ltr'>Persolves.</span> <span class='ocrx_word' id='word_1_59' title='bbox 324 1210 396 1297; x_wconf 83' lang='lat' dir='ltr'>Ego</span> <span class='ocrx_word' id='word_1_60' title='bbox 414 1230 504 1295; x_wconf 85' lang='lat' dir='ltr'>sum,</span> <span class='ocrx_word' id='word_1_61' title='bbox 516 1212 618 1297; x_wconf 88' lang='lat' dir='ltr'>pleno</span> <span class='ocrx_word' id='word_1_62' title='bbox 635 1234 736 1295; x_wconf 88' lang='lat' dir='ltr'>quem</span> <span class='ocrx_word' id='word_1_63' title='bbox 748 1214 889 1281; x_wconf 81' lang='lat' dir='ltr'>fluurine</span> <span class='ocrx_word' id='word_1_64' title='bbox 905 1215 1013 1281; x_wconf 81' lang='lat' dir='ltr'>cernis</span> 
     </span>
    </p>

    <p class='ocr_par' dir='ltr' id='par_1_8' title="bbox 122 1316 971 1409">
     <span class='ocr_line' id='line_1_10' title="bbox 122 1316 971 1409; baseline 0.009 -28"><span class='ocrx_word' id='word_1_65' title='bbox 122 1317 349 1406; x_wconf 81' lang='lat' dir='ltr'>stringentem</span> <span class='ocrx_word' id='word_1_66' title='bbox 365 1316 473 1403; x_wconf 78' lang='lat' dir='ltr'>ripas,</span> <span class='ocrx_word' id='word_1_67' title='bbox 489 1329 522 1383; x_wconf 87' lang='lat' dir='ltr'>et</span> <span class='ocrx_word' id='word_1_68' title='bbox 534 1319 674 1409; x_wconf 82' lang='lat' dir='ltr'>pinguia</span> <span class='ocrx_word' id='word_1_69' title='bbox 686 1322 775 1387; x_wconf 83' lang='lat' dir='ltr'>culta</span> <span class='ocrx_word' id='word_1_70' title='bbox 787 1332 971 1407; x_wconf 75' lang='lat' dir='ltr'>secantem,</span> 
     </span>
    </p>

    <p class='ocr_par' dir='ltr' id='par_1_9' title="bbox 122 1421 947 1514">
     <span class='ocr_line' id='line_1_11' title="bbox 122 1421 947 1514; baseline 0.007 -27"><span class='ocrx_word' id='word_1_71' title='bbox 122 1425 304 1488; x_wconf 70' lang='lat' dir='ltr'>Caeruleus</span> <span class='ocrx_word' id='word_1_72' title='bbox 315 1421 479 1508; x_wconf 79' lang='lat' dir='ltr'>Thybris,</span> <span class='ocrx_word' id='word_1_73' title='bbox 496 1428 590 1489; x_wconf 91' lang='lat' dir='ltr'>coelo</span> <span class='ocrx_word' id='word_1_74' title='bbox 610 1425 817 1514; x_wconf 67' lang='lat' dir='ltr'>gratissimus</span> <span class='ocrx_word' id='word_1_75' title='bbox 829 1427 947 1492; x_wconf 78' lang='lat' dir='ltr'>amnis.</span> 
     </span>
    </p>

    <p class='ocr_par' dir='ltr' id='par_1_10' title="bbox 122 1515 1055 1720">
     <span class='ocr_line' id='line_1_12' title="bbox 122 1515 1055 1617; baseline 0.006 -23"><span class='ocrx_word' id='word_1_76' title='bbox 122 1523 186 1595; x_wconf 79' lang='lat' dir='ltr'>llio</span> <span class='ocrx_word' id='word_1_77' title='bbox 199 1529 286 1593; x_wconf 91' lang='lat' dir='ltr'>mihi</span> <span class='ocrx_word' id='word_1_78' title='bbox 299 1550 420 1617; x_wconf 83' lang='lat' dir='ltr'>magna</span> <span class='ocrx_word' id='word_1_79' title='bbox 434 1532 569 1613; x_wconf 83' lang='lat' dir='ltr'>domus,</span> <span class='ocrx_word' id='word_1_80' title='bbox 586 1530 679 1597; x_wconf 79' lang='lat' dir='ltr'>celsis</span> <span class='ocrx_word' id='word_1_81' title='bbox 694 1515 794 1617; x_wconf 77' lang='lat' dir='ltr'>caput</span> <span class='ocrx_word' id='word_1_82' title='bbox 810 1533 967 1617; x_wconf 76' lang='lat' dir='ltr'>urbibus,</span> <span class='ocrx_word' id='word_1_83' title='bbox 976 1531 1055 1601; x_wconf 78' lang='lat' dir='ltr'>exit.</span> 
     </span>
     <span class='ocr_line' id='line_1_13' title="bbox 159 1632 974 1720; baseline 0.002 -23"><span class='ocrx_word' id='word_1_84' title='bbox 159 1632 274 1716; x_wconf 84' lang='lat' dir='ltr'>Dixit,</span> <span class='ocrx_word' id='word_1_85' title='bbox 293 1632 414 1697; x_wconf 86' lang='lat' dir='ltr'>deinde</span> <span class='ocrx_word' id='word_1_86' title='bbox 430 1635 505 1697; x_wconf 89' lang='lat' dir='ltr'>laeu</span> <span class='ocrx_word' id='word_1_87' title='bbox 523 1632 659 1699; x_wconf 77' lang='lat' dir='ltr'>Flavius</span> <span class='ocrx_word' id='word_1_88' title='bbox 671 1654 708 1699; x_wconf 83' lang='lat' dir='ltr'>se</span> <span class='ocrx_word' id='word_1_89' title='bbox 723 1634 875 1701; x_wconf 81' lang='lat' dir='ltr'>condidit</span> <span class='ocrx_word' id='word_1_90' title='bbox 887 1637 974 1720; x_wconf 84' lang='lat' dir='ltr'>alto,</span> 
     </span>
    </p>

    <p class='ocr_par' dir='ltr' id='par_1_11' title="bbox 122 1737 958 1823">
     <span class='ocr_line' id='line_1_14' title="bbox 122 1737 958 1823; baseline 0.01 -24"><span class='ocrx_word' id='word_1_91' title='bbox 122 1737 192 1799; x_wconf 92' lang='lat' dir='ltr'>Ima</span> <span class='ocrx_word' id='word_1_92' title='bbox 206 1748 334 1821; x_wconf 85' lang='lat' dir='ltr'>petens.</span> <span class='ocrx_word' id='word_1_93' title='bbox 350 1740 423 1800; x_wconf 83' lang='lat' dir='ltr'>Nox</span> <span class='ocrx_word' id='word_1_94' title='bbox 436 1740 571 1802; x_wconf 78' lang='lat' dir='ltr'>Aenean</span> <span class='ocrx_word' id='word_1_95' title='bbox 588 1758 791 1822; x_wconf 83' lang='lat' dir='ltr'>somnusque</span> <span class='ocrx_word' id='word_1_96' title='bbox 807 1738 958 1823; x_wconf 74' lang='lat' dir='ltr'>reliqna</span> 
     </span>
    </p>

    <p class='ocr_par' dir='ltr' id='par_1_12' title="bbox 122 1821 904 1935">
     <span class='ocr_line' id='line_1_15' title="bbox 122 1821 904 1935; baseline 0.005 -28"><span class='ocrx_word' id='word_1_97' title='bbox 122 1844 249 1935; x_wconf 74' lang='lat' dir='ltr'>Surgit,</span> <span class='ocrx_word' id='word_1_98' title='bbox 270 1821 474 1927; x_wconf 68' lang='lat' dir='ltr'>et,‘aetherli</span> <span class='ocrx_word' id='word_1_99' title='bbox 487 1852 638 1929; x_wconf 80' lang='lat' dir='ltr'>spectem</span> <span class='ocrx_word' id='word_1_100' title='bbox 657 1846 799 1911; x_wconf 74' lang='lat' dir='ltr'>orientia</span> <span class='ocrx_word' id='word_1_101' title='bbox 816 1845 904 1911; x_wconf 78' lang='lat' dir='ltr'>Solia</span> 
     </span>
    </p>

    <p class='ocr_par' dir='ltr' id='par_1_13' title="bbox 122 1942 953 2033">
     <span class='ocr_line' id='line_1_16' title="bbox 122 1942 953 2033; baseline 0.006 -24"><span class='ocrx_word' id='word_1_102' title='bbox 122 1948 279 2030; x_wconf 83' lang='lat' dir='ltr'>Lumina,</span> <span class='ocrx_word' id='word_1_103' title='bbox 297 1942 361 2009; x_wconf 90' lang='lat' dir='ltr'>rite</span> <span class='ocrx_word' id='word_1_104' title='bbox 376 1946 466 2010; x_wconf 81' lang='lat' dir='ltr'>cavis</span> <span class='ocrx_word' id='word_1_105' title='bbox 480 1950 608 2013; x_wconf 83' lang='lat' dir='ltr'>undam</span> <span class='ocrx_word' id='word_1_106' title='bbox 623 1951 667 2013; x_wconf 84' lang='lat' dir='ltr'>de</span> <span class='ocrx_word' id='word_1_107' title='bbox 680 1948 819 2013; x_wconf 83' lang='lat' dir='ltr'>flumine</span> <span class='ocrx_word' id='word_1_108' title='bbox 829 1946 953 2033; x_wconf 78' lang='lat' dir='ltr'>palmis</span> 
     </span>
    </p>

    <p class='ocr_par' dir='ltr' id='par_1_14' title="bbox 123 2047 1086 2138">
     <span class='ocr_line' id='line_1_17' title="bbox 123 2047 1086 2138; baseline 0.001 -19"><span class='ocrx_word' id='word_1_109' title='bbox 123 2052 273 2136; x_wconf 80' lang='lat' dir='ltr'>Sustulit,</span> <span class='ocrx_word' id='word_1_110' title='bbox 285 2052 412 2117; x_wconf 68' lang='lat' dir='ltr'>aculis</span> <span class='ocrx_word' id='word_1_111' title='bbox 426 2047 569 2117; x_wconf 85' lang='lat' dir='ltr'>effundit</span> <span class='ocrx_word' id='word_1_112' title='bbox 584 2054 629 2117; x_wconf 83' lang='lat' dir='ltr'>ad</span> <span class='ocrx_word' id='word_1_113' title='bbox 645 2056 779 2117; x_wconf 84' lang='lat' dir='ltr'>aethera</span> <span class='ocrx_word' id='word_1_114' title='bbox 792 2074 909 2119; x_wconf 74' lang='lat' dir='ltr'>roceo:</span> <span class='ocrx_word' id='word_1_115' title='bbox 1044 2074 1086 2138; x_wconf 72' lang='lat' dir='ltr'>po</span> 
     </span>
    </p>

    <p class='ocr_par' dir='ltr' id='par_1_15' title="bbox 123 2158 1015 2245">
     <span class='ocr_line' id='line_1_18' title="bbox 123 2158 1015 2245; baseline 0.006 -24"><span class='ocrx_word' id='word_1_116' title='bbox 123 2160 315 2245; x_wconf 79' lang='lat' dir='ltr'>Nymphae,</span> <span class='ocrx_word' id='word_1_117' title='bbox 334 2158 514 2225; x_wconf 84' lang='lat' dir='ltr'>Laurentes</span> <span class='ocrx_word' id='word_1_118' title='bbox 527 2158 720 2243; x_wconf 81' lang='lat' dir='ltr'>Nymphae,</span> <span class='ocrx_word' id='word_1_119' title='bbox 739 2180 844 2245; x_wconf 76' lang='lat' dir='ltr'>genus</span> <span class='ocrx_word' id='word_1_120' title='bbox 857 2158 1015 2226; x_wconf 74' lang='lat' dir='ltr'>mnibus</span> 
     </span>
    </p>

    <p class='ocr_par' dir='ltr' id='par_1_16' title="bbox 650 2264 1035 2345">
     <span class='ocr_line' id='line_1_19' title="bbox 650 2264 1035 2345; baseline 0.003 -21"><span class='ocrx_word' id='word_1_121' title='bbox 650 2264 741 2324; x_wconf 88' lang='lat' dir='ltr'>unde</span> <span class='ocrx_word' id='word_1_122' title='bbox 758 2272 826 2345; x_wconf 87' lang='lat' dir='ltr'>est,</span> <span class='ocrx_word' id='word_1_123' title='bbox 1031 2275 1035 2282; x_wconf 82' lang='grc'><strong>“</strong></span> 
     </span>
    </p>

    <p class='ocr_par' dir='ltr' id='par_1_17' title="bbox 123 2360 1064 2455">
     <span class='ocr_line' id='line_1_20' title="bbox 123 2360 1064 2455; baseline -0.009 -20"><span class='ocrx_word' id='word_1_124' title='bbox 123 2370 253 2453; x_wconf 86' lang='lat' dir='ltr'>Tuque,</span> <span class='ocrx_word' id='word_1_125' title='bbox 269 2390 291 2434; x_wconf 87' lang='lat' dir='ltr'>o</span> <span class='ocrx_word' id='word_1_126' title='bbox 307 2368 439 2455; x_wconf 75' lang='lat' dir='ltr'>Thybri</span> <span class='ocrx_word' id='word_1_127' title='bbox 456 2375 514 2431; x_wconf 90' lang='lat' dir='ltr'>tuo</span> <span class='ocrx_word' id='word_1_128' title='bbox 528 2362 661 2454; x_wconf 79' lang='lat' dir='ltr'>genitor</span> <span class='ocrx_word' id='word_1_129' title='bbox 678 2382 758 2427; x_wconf 86' lang='lat' dir='ltr'>eum</span> <span class='ocrx_word' id='word_1_130' title='bbox 776 2360 915 2427; x_wconf 79' lang='lat' dir='ltr'>flumine</span> <span class='ocrx_word' id='word_1_131' title='bbox 930 2368 1064 2443; x_wconf 65' lang='lat' dir='ltr'>aneo,</span> 
     </span>
    </p>

    <p class='ocr_par' dir='ltr' id='par_1_18' title="bbox 122 2468 918 2561">
     <span class='ocr_line' id='line_1_21' title="bbox 122 2468 918 2561; baseline -0.008 -21"><span class='ocrx_word' id='word_1_132' title='bbox 122 2476 265 2561; x_wconf 80' lang='lat' dir='ltr'>Accipite</span> <span class='ocrx_word' id='word_1_133' title='bbox 273 2480 423 2560; x_wconf 78' lang='lat' dir='ltr'>Aenean,</span> <span class='ocrx_word' id='word_1_134' title='bbox 444 2483 478 2543; x_wconf 87' lang='lat' dir='ltr'>et</span> <span class='ocrx_word' id='word_1_135' title='bbox 496 2474 632 2537; x_wconf 82' lang='lat' dir='ltr'>tandem</span> <span class='ocrx_word' id='word_1_136' title='bbox 648 2480 757 2535; x_wconf 87' lang='lat' dir='ltr'>arcete</span> <span class='ocrx_word' id='word_1_137' title='bbox 771 2468 918 2554; x_wconf 74' lang='lat' dir='ltr'>periclis.</span> 
     </span>
    </p>

    <p class='ocr_par' dir='ltr' id='par_1_19' title="bbox 123 2574 1163 2666">
     <span class='ocr_line' id='line_1_22' title="bbox 123 2574 1163 2666; baseline -0.006 -22"><span class='ocrx_word' id='word_1_138' title='bbox 123 2582 194 2665; x_wconf 79' lang='lat' dir='ltr'>Quo</span> <span class='ocrx_word' id='word_1_139' title='bbox 205 2583 492 2666; x_wconf 84' lang='lat' dir='ltr'>tecunquelaous,</span> <span class='ocrx_word' id='word_1_140' title='bbox 507 2578 719 2643; x_wconf 78' lang='lat' dir='ltr'>miserantem</span> <span class='ocrx_word' id='word_1_141' title='bbox 733 2574 950 2640; x_wconf 81' lang='lat' dir='ltr'>incommoda</span> <span class='ocrx_word' id='word_1_142' title='bbox 957 2578 1087 2655; x_wconf 82' lang='lat' dir='ltr'>nostra,</span> <span class='ocrx_word' id='word_1_143' title='bbox 1158 2600 1163 2609; x_wconf 92' lang='lat'>·</span> 
     </span>
    </p>

    <p class='ocr_par' dir='ltr' id='par_1_20' title="bbox 122 2680 993 2770">
     <span class='ocr_line' id='line_1_23' title="bbox 122 2680 993 2770; baseline 0.015 -24"><span class='ocrx_word' id='word_1_144' title='bbox 122 2687 220 2751; x_wconf 82' lang='lat' dir='ltr'>Fonte</span> <span class='ocrx_word' id='word_1_145' title='bbox 235 2696 338 2770; x_wconf 88' lang='lat' dir='ltr'>tenet,</span> <span class='ocrx_word' id='word_1_146' title='bbox 354 2706 556 2769; x_wconf 89' lang='lat' dir='ltr'>quocunque</span> <span class='ocrx_word' id='word_1_147' title='bbox 567 2685 640 2746; x_wconf 76' lang='lat' dir='ltr'>solo</span> <span class='ocrx_word' id='word_1_148' title='bbox 650 2682 893 2765; x_wconf 54' lang='lat' dir='ltr'>pulcherrim&amp;</span> <span class='ocrx_word' id='word_1_149' title='bbox 906 2680 993 2759; x_wconf 61' lang='lat'>“5⁸3</span> 
     </span>
    </p>

    <p class='ocr_par' dir='ltr' id='par_1_21' title="bbox 122 2784 1050 2879">
     <span class='ocr_line' id='line_1_24' title="bbox 122 2784 1050 2879; baseline -0.004 -25"><span class='ocrx_word' id='word_1_150' title='bbox 122 2792 254 2876; x_wconf 88' lang='lat' dir='ltr'>Semper</span> <span class='ocrx_word' id='word_1_151' title='bbox 268 2792 396 2857; x_wconf 89' lang='lat' dir='ltr'>bonore</span> <span class='ocrx_word' id='word_1_152' title='bbox 410 2810 500 2873; x_wconf 89' lang='lat' dir='ltr'>meo,</span> <span class='ocrx_word' id='word_1_153' title='bbox 515 2809 645 2873; x_wconf 85' lang='lat' dir='ltr'>semper</span> <span class='ocrx_word' id='word_1_154' title='bbox 655 2788 866 2851; x_wconf 82' lang='lat' dir='ltr'>celebrabere</span> <span class='ocrx_word' id='word_1_155' title='bbox 876 2784 994 2869; x_wconf 84' lang='lat' dir='ltr'>donis,</span> <span class='ocrx_word' id='word_1_156' title='bbox 1044 2871 1050 2879; x_wconf 25' lang='lat'>⁵</span> 
     </span>
    </p>

    <p class='ocr_par' dir='ltr' id='par_1_22' title="bbox 123 2894 1006 2990">
     <span class='ocr_line' id='line_1_25' title="bbox 123 2894 1006 2990; baseline -0.01 -27"><span class='ocrx_word' id='word_1_157' title='bbox 123 2897 281 2987; x_wconf 83' lang='lat' dir='ltr'>Corniger</span> <span class='ocrx_word' id='word_1_158' title='bbox 292 2898 514 2983; x_wconf 89' lang='lat' dir='ltr'>Hesperidum</span> <span class='ocrx_word' id='word_1_159' title='bbox 523 2894 643 2961; x_wconf 82' lang='lat' dir='ltr'>fluvius</span> <span class='ocrx_word' id='word_1_160' title='bbox 658 2903 819 2981; x_wconf 84' lang='lat' dir='ltr'>regnator</span> <span class='ocrx_word' id='word_1_161' title='bbox 831 2912 1006 2990; x_wconf 70' lang='lat' dir='ltr'>aquenum.</span> 
     </span>
    </p>

    <p class='ocr_par' dir='ltr' id='par_1_23' title="bbox 123 2994 975 3086">
     <span class='ocr_line' id='line_1_26' title="bbox 123 2994 975 3086; baseline -0.009 -15"><span class='ocrx_word' id='word_1_162' title='bbox 123 3002 216 3071; x_wconf 75' lang='lat' dir='ltr'>Adsis</span> <span class='ocrx_word' id='word_1_163' title='bbox 232 3022 256 3066; x_wconf 93' lang='lat' dir='ltr'>o</span> <span class='ocrx_word' id='word_1_164' title='bbox 271 3010 416 3084; x_wconf 65' lang='lat' dir='ltr'>numm,</span> <span class='ocrx_word' id='word_1_165' title='bbox 433 3010 466 3065; x_wconf 88' lang='lat' dir='ltr'>et</span> <span class='ocrx_word' id='word_1_166' title='bbox 480 3001 619 3086; x_wconf 77' lang='lat' dir='ltr'>propius</span> <span class='ocrx_word' id='word_1_167' title='bbox 628 3010 686 3066; x_wconf 79' lang='lat' dir='ltr'>tua</span> <span class='ocrx_word' id='word_1_168' title='bbox 699 2998 841 3065; x_wconf 78' lang='lat' dir='ltr'>numina</span> <span class='ocrx_word' id='word_1_169' title='bbox 853 2994 975 3063; x_wconf 82' lang='lat' dir='ltr'>firmes.</span> 
     </span>
    </p>

    <p class='ocr_par' dir='ltr' id='par_1_24' title="bbox 122 3102 1116 3197">
     <span class='ocr_line' id='line_1_27' title="bbox 122 3102 1116 3197; baseline 0.001 -29"><span class='ocrx_word' id='word_1_170' title='bbox 122 3105 171 3171; x_wconf 85' lang='lat' dir='ltr'>Sic</span> <span class='ocrx_word' id='word_1_171' title='bbox 187 3110 368 3190; x_wconf 81' lang='lat' dir='ltr'>memorat,</span> <span class='ocrx_word' id='word_1_172' title='bbox 388 3106 606 3197; x_wconf 82' lang='lat' dir='ltr'>geminasque</span> <span class='ocrx_word' id='word_1_173' title='bbox 618 3102 700 3192; x_wconf 80' lang='lat' dir='ltr'>legit</span> <span class='ocrx_word' id='word_1_174' title='bbox 716 3106 760 3168; x_wconf 86' lang='lat' dir='ltr'>de</span> <span class='ocrx_word' id='word_1_175' title='bbox 769 3106 872 3169; x_wconf 83' lang='lat' dir='ltr'>classe</span> <span class='ocrx_word' id='word_1_176' title='bbox 881 3103 1037 3187; x_wconf 80' lang='lat' dir='ltr'>biremis,</span> <span class='ocrx_word' id='word_1_177' title='bbox 1108 3122 1116 3135; x_wconf 62' lang='grc'><em>“</em></span> 
     </span>
    </p>

    <p class='ocr_par' dir='ltr' id='par_1_25' title="bbox 121 3208 1087 3400">
     <span class='ocr_line' id='line_1_28' title="bbox 121 3208 983 3300; baseline 0.002 -27"><span class='ocrx_word' id='word_1_178' title='bbox 121 3210 459 3300; x_wconf 70' lang='lat' dir='ltr'>Remigioqueaptet3</span> <span class='ocrx_word' id='word_1_179' title='bbox 480 3211 585 3277; x_wconf 82' lang='lat' dir='ltr'>socios</span> <span class='ocrx_word' id='word_1_180' title='bbox 602 3208 703 3285; x_wconf 77' lang='lat' dir='ltr'>simul</span> <span class='ocrx_word' id='word_1_181' title='bbox 718 3208 853 3273; x_wconf 83' lang='lat' dir='ltr'>instruit</span> <span class='ocrx_word' id='word_1_182' title='bbox 868 3209 983 3275; x_wconf 77' lang='lat' dir='ltr'>armis·</span> 
     </span>
     <span class='ocr_line' id='line_1_29' title="bbox 141 3303 1087 3400; baseline -0.005 -20"><span class='ocrx_word' id='word_1_183' title='bbox 141 3318 349 3400; x_wconf 85' lang='lat' dir='ltr'>Eeceautem,</span> <span class='ocrx_word' id='word_1_184' title='bbox 356 3303 501 3385; x_wconf 75' lang='lat' dir='ltr'>subitum</span> <span class='ocrx_word' id='word_1_185' title='bbox 510 3312 718 3396; x_wconf 85' lang='lat' dir='ltr'>atqueooulis</span> <span class='ocrx_word' id='word_1_186' title='bbox 725 3306 1087 3388; x_wconf 75' lang='lat' dir='ltr'>mirabilemoestrum‚</span> 
     </span>
    </p>

    <p class='ocr_par' dir='ltr' id='par_1_26' title="bbox 121 3417 911 3505">
     <span class='ocr_line' id='line_1_30' title="bbox 121 3417 911 3505; baseline -0.001 -24"><span class='ocrx_word' id='word_1_187' title='bbox 121 3420 268 3483; x_wconf 79' lang='lat' dir='ltr'>Candide</span> <span class='ocrx_word' id='word_1_188' title='bbox 280 3442 342 3505; x_wconf 86' lang='lat' dir='ltr'>per</span> <span class='ocrx_word' id='word_1_189' title='bbox 352 3419 472 3484; x_wconf 85' lang='lat' dir='ltr'>silvam</span> <span class='ocrx_word' id='word_1_190' title='bbox 489 3437 565 3483; x_wconf 87' lang='lat' dir='ltr'>cum</span> <span class='ocrx_word' id='word_1_191' title='bbox 578 3418 647 3481; x_wconf 85' lang='lat' dir='ltr'>fetu</span> <span class='ocrx_word' id='word_1_192' title='bbox 659 3419 820 3483; x_wconf 83' lang='lat' dir='ltr'>concolor</span> <span class='ocrx_word' id='word_1_193' title='bbox 830 3417 911 3481; x_wconf 88' lang='lat' dir='ltr'>albo</span> 
     </span>
    </p>

    <p class='ocr_par' dir='ltr' id='par_1_27' title="bbox 97 3520 962 3607">
     <span class='ocr_line' id='line_1_31' title="bbox 97 3520 962 3607; baseline 0.005 -26"><span class='ocrx_word' id='word_1_194' title='bbox 97 3574 100 3581; x_wconf 91' lang='lat'><em>.</em></span> <span class='ocrx_word' id='word_1_195' title='bbox 121 3524 316 3607; x_wconf 83' lang='lat' dir='ltr'>Procubuit,</span> <span class='ocrx_word' id='word_1_196' title='bbox 328 3524 495 3607; x_wconf 62' lang='lat' dir='ltr'>uiridiqffl</span> <span class='ocrx_word' id='word_1_197' title='bbox 512 3524 548 3589; x_wconf 91' lang='lat' dir='ltr'>in</span> <span class='ocrx_word' id='word_1_198' title='bbox 561 3523 660 3589; x_wconf 83' lang='lat' dir='ltr'>litore</span> <span class='ocrx_word' id='word_1_199' title='bbox 674 3520 878 3606; x_wconf 82' lang='lat' dir='ltr'>conspicitur</span> <span class='ocrx_word' id='word_1_200' title='bbox 886 3529 962 3585; x_wconf 70' lang='lat' dir='ltr'>ausa</span> 
     </span>
    </p>

    <p class='ocr_par' dir='ltr' id='par_1_28' title="bbox 120 3624 1031 3713">
     <span class='ocr_line' id='line_1_32' title="bbox 120 3624 1031 3713; baseline -0.004 -22"><span class='ocrx_word' id='word_1_201' title='bbox 120 3629 227 3713; x_wconf 79' lang='lat' dir='ltr'>Quam</span> <span class='ocrx_word' id='word_1_202' title='bbox 236 3628 311 3713; x_wconf 89' lang='lat' dir='ltr'>pius</span> <span class='ocrx_word' id='word_1_203' title='bbox 325 3632 451 3693; x_wconf 76' lang='lat' dir='ltr'>Aeneas</span> <span class='ocrx_word' id='word_1_204' title='bbox 464 3628 526 3694; x_wconf 91' lang='lat' dir='ltr'>tibi</span> <span class='ocrx_word' id='word_1_205' title='bbox 539 3628 643 3710; x_wconf 85' lang='lat' dir='ltr'>enim,</span> <span class='ocrx_word' id='word_1_206' title='bbox 660 3626 738 3710; x_wconf 88' lang='lat' dir='ltr'>tibi,</span> <span class='ocrx_word' id='word_1_207' title='bbox 756 3645 914 3691; x_wconf 81' lang='lat' dir='ltr'>maxuma</span> <span class='ocrx_word' id='word_1_208' title='bbox 928 3624 1031 3708; x_wconf 85' lang='lat' dir='ltr'>luno,</span> 
     </span>
    </p>

    <p class='ocr_par' dir='ltr' id='par_1_29' title="bbox 122 3732 1062 3855">
     <span class='ocr_line' id='line_1_33' title="bbox 122 3732 1062 3855; baseline -0.001 -59"><span class='ocrx_word' id='word_1_209' title='bbox 122 3735 260 3821; x_wconf 85' lang='lat' dir='ltr'>Mactat,</span> <span class='ocrx_word' id='word_1_210' title='bbox 271 3754 364 3813; x_wconf 75' lang='lat' dir='ltr'>sacra</span> <span class='ocrx_word' id='word_1_211' title='bbox 373 3736 496 3819; x_wconf 76' lang='lat' dir='ltr'>ferens,</span> <span class='ocrx_word' id='word_1_212' title='bbox 512 3746 545 3801; x_wconf 85' lang='lat' dir='ltr'>ot</span> <span class='ocrx_word' id='word_1_213' title='bbox 558 3751 634 3855; x_wconf 63' lang='lat' dir='ltr'>epm</span> <span class='ocrx_word' id='word_1_214' title='bbox 647 3756 749 3825; x_wconf 79' lang='lat' dir='ltr'>grege</span> <span class='ocrx_word' id='word_1_215' title='bbox 757 3732 841 3801; x_wconf 80' lang='lat' dir='ltr'>sistit</span> <span class='ocrx_word' id='word_1_216' title='bbox 854 3734 899 3799; x_wconf 81' lang='lat' dir='ltr'>ad</span> <span class='ocrx_word' id='word_1_217' title='bbox 909 3748 1015 3841; x_wconf 66' lang='lat' dir='ltr'>mam·</span> <span class='ocrx_word' id='word_1_218' title='bbox 1057 3742 1062 3752; x_wconf 68' lang='lat'><strong>⁴</strong></span> 
     </span>
    </p>
   </div>
   <div class='ocr_carea' id='block_1_3' title="bbox 0 0 1415 4817">
    <p class='ocr_par' dir='ltr' id='par_1_30' title="bbox 0 0 1415 4817">
     <span class='ocr_line' id='line_1_34' title="bbox 0 0 1415 4817; baseline 0 0"><span class='ocrx_word' id='word_1_219' title='bbox 0 0 1415 4817; x_wconf 95' lang='lat' dir='ltr'> </span> 
     </span>
    </p>
   </div>
  </div>
 </body>
</html>
