2809 4817
651 62 663 121 t

329 360 387 425 '152
632 352 987 418 AENEIDOS
1131 358 1253 424 caot.

325 496 544 584 impositique
557 494 647 583 rogis
661 495 799 561 iuvenes
813 505 890 558 ante
903 514 964 559 ora
976 482 1173 581 pare'ntums'

268 648 272 653 -
326 611 438 695 Quam
450 606 554 671 multa
566 604 602 669 in
611 604 705 670 silvis
719 603 874 669 autumni
889 603 1014 691 frigore
1025 604 1137 689 primo

326 716 434 797 Lapsa
448 714 572 779 cadunt
584 710 683 787 folia3
699 718 757 773 aut
771 710 816 771 ad
828 716 952 773 terram
964 704 1096 796 gurgite
1107 715 1150 777 ab
1163 714 1233 778 alto

327 820 439 904 Quam
448 818 574 881 muitac
591 815 824 901 glomerantur
834 834 927 895 aves,
944 812 1003 902 uisi
1014 814 1158 901 frigidus
1168 835 1279 885 annus

326 928 433 989 Trans
446 934 588 1009 pontum
601 924 710 1011 fugat,
725 933 759 987 et
775 921 871 986 terris
884 921 1033 987 immittit
1044 914 1178 1008 apricis.
1372 1003 1373 1012 ἵ

327 1032 465 1095 Stabant
483 1038 614 1096 orantes
633 1027 735 1112 primi
751 1027 972 1093 transmittere
987 1048 1138 1113 cursum,
1372 1021 1374 1092 i

328 1140 590 1217 Tendebantque
602 1154 721 1203 manus
730 1134 823 1217 ripae
836 1132 1003 1199 ulterioris
1020 1134 1155 1201 amores
1374 1125 1375 1174 ¹

327 1239 447 1307 Navita
459 1240 517 1305 scd
532 1236 630 1303 tristis
646 1258 740 1301 nunc
746 1238 822 1319 hos,
839 1258 930 1300 nuno
949 1236 1070 1319 accipit
1081 1236 1177 1317 illos;
1375 1229 1376 1255 ¹

328 1350 386 1414 cst
399 1344 598 1434 alioslonge
616 1346 785 1410 submotos
803 1351 894 1405 arcet
910 1360 1024 1405 arena.

328 1450 471 1525 Aeneas,
486 1445 625 1510 miratus
636 1446 746 1527 enim,
763 1458 937 1529 motusque
951 1446 1115 1525 tumultu,

328 1550 411 1633 Dic,
422 1551 482 1632 ait,
493 1570 515 1613 c
524 1550 638 1637 virgo,
652 1550 734 1631 quid
747 1551 817 1612 volt
827 1557 1006 1613 concursus
1015 1550 1060 1610 ad
1075 1547 1233 1611 amnem?

329 1658 463 1743 Quidve
478 1668 595 1742 petunt
605 1651 767 1721 animae?
785 1657 841 1720 vel
858 1676 925 1737 quo
939 1654 1131 1719 discrimine
1148 1653 1241 1737 ripas

328 1762 403 1825 Hae
415 1763 585 1845 linquunt,
598 1762 678 1827 illae
691 1761 792 1830 remis
804 1766 891 1829 vada
903 1761 1011 1832 livida
1021 1755 1182 1829 verrunt?

331 1866 403 1934 Olli
419 1867 467 1945 siq
479 1866 628 1935 breviter
645 1868 714 1937 fata
728 1879 777 1934 est
790 1872 955 1957 longaeva
970 1871 1143 1936 sacerdos:

329 1972 476 2038 Anchisa
487 1982 665 2061 generate,
677 1972 788 2037 Deam
805 1974 988 2039 certissima
1002 1976 1130 2057 proles,

331 2078 451 2163 Cocyti
466 2088 584 2165 stagna
598 2082 667 2145 alta
678 2078 792 2161 vides,
809 2078 1027 2167 Stygiamque
1038 2079 1215 2162 scudem,
1241 2082 1300 2145 3²3

331 2180 376 2251 Di
392 2183 487 2251 cuius
503 2184 616 2249 iurare
633 2185 752 2250 timent
764 2194 796 2250 et
808 2183 925 2250 fallere
937 2204 1074 2251 numen.

330 2285 423 2351 Haec
439 2282 566 2368 omnis,
579 2272 820 2369 quam'oernis9
836 2284 935 2371 inops
951 2283 1195 2369 inhumataque

865 2394 965 2459 turba
979 2403 1046 2456 ests
1085 2387 1087 2390 ’

331 2496 477 2566 Portitor
483 2496 558 2580 ille,
573 2500 726 2564 Charons
743 2497 794 2579 hi,
805 2516 890 2579 quos
901 2484 1254 2586 vehitunda‚sepralti.

332 2607 401 2671 Nec
411 2604 502 2691 ripas
512 2604 611 2667 datur
626 2604 810 2670 horrendas
821 2612 853 2665 et
865 2622 966 2665 rauca
979 2604 1104 2670 fluenta

331 2712 573 2793 'I'ransportare
586 2710 696 2795 prius,
715 2732 817 2793 quam
827 2709 962 2775 sedibus
976 2730 1050 2776 ossa
1066 2705 1237 2795 qrrierurit.

265 2812 267 2817 ’
334 2818 479 2883 Centum
494 2828 604 2881 errant
614 2835 730 2898 armos,
738 2815 945 2897 volitantque
954 2818 1038 2878 haec
1048 2815 1146 2882 litora
1159 2809 1303 2886 circum:

332 2927 422 2995 Turn
433 2910 569 2995 demum
581 2928 719 2993 admissi
734 2929 851 3017 stagna
866 2937 1020 3014 exoptata
1030 2924 1190 2994 revisunt.

333 3030 488 3098 Constitit
501 3033 646 3097 Anchisa
656 3041 762 3114 satus,
779 3040 813 3095 et
830 3031 968 3118 vestigia
984 3033 1118 3117 pressit;

332 3139 442 3203 Multa
451 3148 585 3223 putans,
601 3150 792 3222 sortemque
806 3140 920 3205 animo
933 3142 1107 3206 miseratus
1121 3141 1285 3225 iniquam.
1313 3145 1315 3150 ’

252 3290 254 3297 -
334 3244 450 3312 Cernit
466 3246 515 3315 ibi
529 3257 671 3313 maestos
683 3257 719 3311 et
732 3248 848 3313 mortis
859 3252 990 3320 honore
1004 3252 1162 3338 carentis,

332 3354 549 3440 Leucaspim,
566 3365 599 3421 et
615 3355 740 3439 Lycias
758 3358 929 3447 ductorem
947 3347 1058 3423 classis
1071 3361 1243 3427 Orontens

164 3544 173 3558 .
239 3526 240 3529 ,
334 3463 428 3543 Quos
446 3461 563 3545 simul,
577 3482 598 3524 a
611 3461 713 3528 Troia
726 3475 864 3539 sentosa
876 3487 938 3554 per
953 3485 1101 3548 aequora
1114 3474 1246 3549 rectos,

336 3561 459 3629 Obruit
468 3565 1074 3650 Austcr‚aquainvclvcusnavemque
1084 3566 1253 3654 virosque.
1278 3554 1282 3603 :

375 3670 459 3759 Ecoc
472 3674 676 3757 gubernator
687 3695 759 3740 sese
771 3674 949 3766 Palinurus
966 3678 1103 3764 agebat:

335 3775 403 3869 Qui
419 3776 548 3867 Libyco
560 3798 798 3871 nuperorum,
812 3781 1149 3866 dumsideraserrst,
