2809 4817
325 388 365 435 n
628 364 981 433 Isuuroos
1140 342 1248 431 tm.

321 516 396 598 Qua
407 514 484 577 data
496 516 606 595 porte,
623 516 741 593 ruunt,
758 519 792 573 et
802 518 905 573 terras
921 508 1054 573 turbine
1073 514 1226 595 perflant.

319 622 505 683 Incubuere
519 616 623 699 mari,
638 619 811 697 totumque
826 635 848 676 a
862 614 995 681 sedibus
1011 616 1101 685 imis

320 728 395 791 Una
405 726 576 805 Eurusque
587 724 755 802 Notusque
768 731 873 783 ruunt
885 723 1065 810 creberque
1079 724 1237 807 prooellis

318 829 465 908 Africus,
475 835 509 891 ct
520 834 627 891 vastos
644 826 786 893 volvunt
802 826 846 887 ad
855 823 959 887 ‘litora
970 827 1100 892 fluctus.

318 928 506 1010 Insequitur
524 930 717 1009 clamorque
731 926 842 991 viuum
857 928 1045 1011 stridorque
1059 933 1252 1000 rudentum.

317 1034 473 1119 Eripiunt
483 1034 593 1099 subito
608 1037 714 1099 nubes
732 1037 929 1118 coelumque
942 1035 1101 1119 diemque

318 1140 522 1203 Teucrorum
532 1138 703 1217 exoculis3
720 1149 826 1222 ponto
840 1144 909 1203 noir
925 1140 1061 1218 incubat
1078 1152 1159 1207 atra.

317 1248 495 1312 Intonuere
509 1245 598 1330 poli,
614 1254 646 1309 et
660 1245 784 1312 crebris
801 1244 901 1309 micat
915 1244 1050 1331 ignibus
1067 1250 1198 1332 aetber3
1303 1260 1312 1274 ·

316 1356 591 1435 Praeseutcmque
601 1351 681 1415 viris
693 1351 856 1416 intentant
871 1352 985 1415 omnia
996 1359 1149 1419 mortem.

314 1464 489 1546 Extemplo
501 1464 631 1524 Aeneae
645 1461 821 1523 solvuntur
833 1459 959 1547 [rigore
968 1463 1130 1527 membra.

313 1570 476 1659 Ingemit,
492 1578 540 1651 et,
556 1566 698 1651 duplicis
712 1567 850 1631 tendens
862 1570 907 1631 ad
920 1567 1030 1634 sidera
1041 1570 1190 1655 palmas,

314 1679 411 1743 Talia
423 1697 505 1742 voce
518 1676 635 1740 refert:
648 1676 678 1739 O
693 1682 809 1757 terque
826 1685 1010 1757 quaterque
1022 1676 1131 1759 beati,

314 1779 399 1874 Quis
411 1794 487 1849 ante
504 1804 563 1849 ora
575 1792 709 1868 patrum
720 1782 913 1849 Troiacsub
923 1782 1099 1852 moenibus
1109 1782 1196 1850 attis
1313 1814 1327 1850 ς

313 1891 460 1977 Contigit
473 1893 644 1973 oppeteret
662 1908 685 1953 o
698 1888 853 1953 Danaum
868 1886 1046 1953 fortiss'une
1059 1888 1170 1975 gentis

312 1984 575 2078 Tydidcq'mene
588 1989 700 2055 Iliacis
713 1992 911 2054 occumbere
922 1990 1049 2074 eampis
1236 2018 1279 2078 97

312 2100 342 2160 N
365 2120 389 2160 n
396 2093 559 2180 potuisse,
570 2102 691 2173 tuaque
700 2091 847 2155 animam
860 2094 948 2156 hanc
960 2089 1134 2159 effundere
1145 2096 1279 2161 dextra!

355 2222 436 2268 evus
446 2199 507 2265 ubi
518 2198 681 2263 Aeacidae
698 2198 766 2263 telo
775 2197 860 2263 iacet
869 2201 1010 2281 Hector,
1027 2200 1088 2271 ubi
1097 2200 1217 2289 ingens

310 2309 498 2393 Sarpedom
517 2308 576 2371 ubi
593 2317 640 2371 tot
656 2307 777 2373 Simois
793 2316 943 2389 correpta
959 2308 1023 2371 sub
1037 2308 1140 2374 undis
1181 2339 1183 2344 ·

310 2415 409 2477 Scuta
419 2411 529 2475 virum
542 2414 721 2497 galeasque
736 2420 771 2474 et
783 2409 881 2474 fortia
893 2430 1034 2494 corpora
1047 2413 1165 2477 volvit.

351 2513 446 2577 Talia
459 2512 595 2577 iactanti
610 2511 752 2577 stridens
765 2513 934 2594 Aquilone
949 2518 1098 2600 procella

245 2648 247 2654 ·
309 2617 432 2685 velum
443 2616 580 2677 adversa
593 2612 686 2697 ferit,
700 2617 883 2697 fluctusque
897 2619 943 2680 ad
953 2618 1064 2685 sidera
1079 2620 1176 2685 tollit.

309 2726 522 2811 Franguntur
538 2720 641 2802 remI3
660 2729 732 2785 tum
744 2739 845 2805 prora
860 2723 996 2807 avertit,
1009 2734 1043 2790 et
1056 2728 1157 2793 undis

308 2834 374 2895 Dat
387 2832 486 2909 latus3
499 2828 683 2911 insequitur
694 2833 831 2893 cumulo
838 2843 1037 2916 praeruptus
1046 2854 1154 2913 aquae
1164 2856 1276 2909 mons.

306 2936 354 2999 Hi
366 2954 498 2999 summo
511 2934 547 2997 in
559 2936 661 2997 fluctu
673 2934 839 3016 pendent:
857 2932 911 3005 his
927 2934 1018 3007 unda
1031 2934 1205 3013 dehiscens

306 3038 445 3099 Terram
457 3034 545 3099 inter
560 3038 678 3111 fluctus
693 3036 816 3119 aperite
835 3034 917 3107 furit
933 3046 1044 3109 aestus
1057 3037 1179 3108 arenis.

306 3138 380 3203 Tris
390 3134 492 3202 Notus
503 3139 655 3221 abreptas
667 3137 704 3201 in
718 3156 798 3201 saxa
809 3136 948 3202 latentia
960 3147 1108 3218 torquet:

107 3213 110 3241 i
244 3297 252 3327 g
307 3243 411 3328 [Saxa
424 3242 648 3341 vocantltali,
658 3242 778 3307 mediis
793 3263 881 3323 quae
892 3243 930 3307 in
942 3240 1237 3335 flmfibm'vmgl
1328 3224 1335 3240 1

305 3352 450 3413 Dorsum
461 3350 608 3427 immane
620 3348 707 3410 mari
718 3367 859 3411 summo.
875 3348 950 3413 Tris
964 3350 1072 3415 Eurus
1087 3352 1131 3419 ab
1144 3352 1215 3414 aito

186 3437 190 3453 ¹
305 3458 346 3519 In
361 3456 476 3520 brevia
490 3466 524 3521 et
534 3454 634 3539 syrtis
651 3464 763 3541 urget,
782 3453 971 3520 miserabile
985 3455 1078 3540 visu,
1105 3465 1109 3470 ’

304 3560 476 3641 Illiditque
490 3561 601 3643 vadis,
617 3570 718 3641 atque
730 3581 852 3646 aggere
864 3560 968 3647 cingit
982 3581 1114 3627 arenae.
1138 3603 1144 3612 .

210 3723 212 3726 ,
286 3726 289 3739 ,
305 3666 429 3745 Unam,
443 3682 529 3743 quae
546 3662 667 3745 Lycios
678 3660 851 3743 fidumque
864 3664 1006 3743 vehebat
1021 3666 1189 3749 Oronten,
1273 3696 1276 3701 ·

305 3770 413 3857 Ipsius
427 3778 505 3835 ante
518 3771 632 3845 ceruos
643 3770 764 3882 ingens
775 3790 797 3845 a
808 3769 931 3850 uertice
942 3779 1066 3854 pontus

811 3958 824 3998 t
