2809 4817
312 390 524 495 LIBER¹
557 394 625 463 VI.
665 414 697 460 v.
720 397 789 480 ⁵²7·
985 406 1043 491 159

85 541 121 603 lit
132 535 251 604 lamam
263 536 430 627 exstingui
439 548 590 603 ueterum
600 539 647 605 sic
657 560 754 625 posse
764 543 941 611 malorum.

85 644 167 731 Quid
175 658 288 706 moror
296 642 508 727 lirrumpunt
518 644 679 710 thalamo:
694 668 805 713 comes
815 652 946 720 additus
954 674 1023 721 unu

86 752 234 812 Hortator
245 750 409 813 scelerum
419 747 582 814 Aeolides.
595 742 656 834 Di,
670 751 750 815 talio
762 753 872 822 Graiis

85 856 275 939 instaurate,
291 853 349 937 pio
361 852 391 919 si
403 874 529 939 poenas
547 875 607 920 oro
622 876 771 941 reposco.

87 965 144 1025 Sed
154 973 183 1026 te
196 962 256 1046 qui
268 963 384 1027 vivum
397 982 504 1045 casus,
518 984 579 1050 age
593 965 663 1029 iare
677 964 839 1052 vicissim,

87 1066 265 1130 Attulerint.
278 1066 435 1153 Pelagine
446 1064 539 1129 venis
553 1068 846 1153 erroribus'actus,

87 1177 132 1235 An
141 1173 265 1236 monitu
275 1152 421 1236 Ilivorn?
432 1192 475 1237 au
488 1196 574 1255 quae
588 1186 619 1240 te
639 1178 790 1243 Fortuna'
798 1179 932 1267 fatigat,
1009 1223 1011 1227 -

87 1281 126 1341 Ut
138 1279 233 1343 tristis
243 1280 316 1344 sine
327 1278 398 1344 sole
410 1282 540 1364 domos,
554 1284 627 1346 loca
641 1284 790 1369 turbida,
804 1288 936 1353 adires?

87 1386 150 1446 Hac
163 1384 233 1447 vioe
244 1402 436 1447 sermonum
449 1386 551 1452 roseis
561 1389 690 1451 Aurora
703 1390 873 1479 quadrigis

87 1491 148 1553 Iam
163 1490 309 1569 medium
326 1489 474 1569 aetherio
494 1512 591 1558 cursu
610 1494 782 1561 traiecerat
796 1517 910 1563 axem:

34 1618 37 1629 ¹
88 1596 121 1657 Et
132 1596 195 1659 iors
204 1615 304 1657 omne
316 1596 431 1658 datum
448 1588 616 1664 traherent
627 1620 687 1685 per
703 1601 782 1667 talia
797 1612 950 1689 tempust-

90 1702 143 1763 Sed
156 1720 262 1765 eomes
274 1698 449 1763 admonuit
454 1702 684 1787 ,breviterque
692 1706 803 1771 adlato
813 1710 945 1795 Sibylla
956 1714 1020 1781 est:

88 1807 150 1867 Nox
160 1806 239 1889 ruit,
249 1808 375 1885 Aenea3
390 1826 451 1871 nos
465 1808 575 1878 flendo
589 1812 742 1875 ducimus
756 1816 864 1879 horas.

89 1911 142 1975 Hic
152 1914 242 1976 locus
256 1921 303 1975 est
313 1957 323 1994 ,
333 1911 434 1995 partis
446 1913 505 1975 ubi
517 1934 552 1975 se
563 1914 617 1977 via
626 1912 725 1979 findit
738 1918 774 1979 in
788 1921 920 1984 ambas:

88 2022 230 2103 Dextera,
244 2039 329 2101 quae
342 2018 427 2084 Ditis
442 2020 556 2107 magni
566 2024 628 2085 sub
646 2023 780 2086 moenia
798 2004 924 2105 tendit3

89 2122 148 2187 Hac
164 2124 225 2187 iter
240 2106 521 2205 Elysiumnobis:
535 2134 568 2186 at
580 2125 675 2187 laeva
695 2128 864 2190 malorum
984 2126 1043 2203 642

89 2226 210 2291 Exercet
224 2246 364 2313 poenas,
382 2240 415 2291 et
430 2228 472 2293 ed
487 2228 591 2311 impia
604 2230 741 2291 Tartara
752 2228 864 2292 mittit.
1095 2229 1098 2235 '

89 2332 267 2415 Deiphobus
284 2342 418 2395 contra:
432 2333 480 2395 Ne
495 2330 600 2410 saevi,
614 2349 737 2417 magna
749 2330 919 2410 'sacerdos3

89 2434 265 2520 Discedam,
277 2438 417 2519 explebo
432 2455 623 2517 numerum,
637 2438 824 2517 reddarque
837 2434 990 2502 tenebris.

89 2540 262 2627 ldecus,=i,
276 2553 447 2623 nostrum3·
459 2542 654 2625 melioribus
670 2555 763 2609 utere
776 2545 862 2610 fatis.

89 2652 218 2717 Tantum
232 2649 366 2735 effatus,
379 2663 410 2716 et
425 2651 460 2714 in
473 2654 577 2716 verbo
588 2652 726 2737 vestigia
743 2653 847 2715 torsit.

121 2756 395 2853 RespIcitAJneas
409 2754 535 2837 subite,
549 2764 582 2817 et
600 2757 662 2824 suh
681 2772 765 2837 rupe
778 2755 910 2818 sinistra

90 2860 207 2925 Moenia
224 2862 293 2925 lata
309 2862 415 2943 videt,
428 2860 551 2945 triplici
565 2860 768 2924 circumdata
787 2881 905 2924 muro:

90 2964 169 3046 Quae
183 2967 321 3050 rapidus
339 2965 480 3029 flammis
493 2965 597 3029 ambit
614 2964 816 3027 torrentibus
831 2962 939 3029 amnis

90 3064 251 3133 Tartareus
263 3070 484 3155 Phlegethon,
502 3079 697 3149 torquetque
707 3068 859 3130 sonantia
872 3087 963 3132 saxa.

89 3168 172 3236 Porta
179 3176 329 3255 adverse,
340 3172 656 3259 ingens,solid0que
667 3174 843 3235 adamante
851 3174 1042 3254 columnam

89 3274 136 3339 vis
148 3288 185 3341 ut
197 3281 291 3343 nulla
299 3276 423 3359 vistim,
436 3297 506 3341 non
518 3278 582 3360 ipsi
594 3278 786 3339 exscindere
803 3278 893 3339 ferro

89 3381 262 3447 Coelicolae
275 3388 415 3449 valeant.
435 3387 503 3448 Stat
516 3383 623 3445 ferrea
640 3382 740 3445 turris
750 3384 792 3443 ad
806 3401 902 3443 auras
910 3402 921 3460 ς

88 3482 322 3569 Tisiphoneque
337 3490 467 3568 sedens,
484 3488 573 3569 palla
589 3485 757 3548 succincta
775 3499 924 3567 cruenta,

88 3587 284 3664 Vestibulum
298 3594 463 3658 exsomnis
471 3604 580 3657 servat
596 3603 773 3671 noctesque
786 3592 933 3673 diesque.

88 3691 162 3758 Hinc
176 3697 330 3759 exaudiri
344 3700 504 3784 gemitus,
518 3709 550 3759 et
562 3715 660 3759 saeva
675 3714 794 3757 sonare

89 3796 238 3871 Verbera:
255 3814 326 3869 tum
341 3805 463 3870 stridor
480 3802 580 3887 ferri,
593 3811 780 3881 tractaeque
790 3810 938 3865 catenae.
