2809 4817
365 381 570 447 crusna
609 382 651 449 x,
689 386 811 465 ent.
1006 386 1064 471 ιιι

93 526 283 619 sanguinei
299 530 442 617 lugubre
459 533 594 612 rubent,
610 540 667 593 aut
680 530 784 595 Sirius
800 534 920 598 ardor:
1073 602 1077 611 ¹

95 637 163 699 ille
175 635 267 699 sitim
283 636 482 715 morbosque
495 635 603 699 ferens
618 636 813 699 mortalibus
829 637 936 724 aegris
1053 692 1057 698 .
1100 664 1103 670 ·

96 740 275 821 Nascitur,
290 750 323 803 et
340 741 436 804 laevo
451 737 620 803 contristat
635 738 762 801 lumine
775 731 916 808 coelum.

138 849 244 915 Haud
255 858 367 913 tamen
381 846 499 911 audaci
510 849 626 911 Turno
642 844 765 909 fiducia
778 846 874 911 cessit

96 956 216 1023 litora
225 957 434 1042 praecipere,
450 967 483 1021 et
495 955 657 1023 venientis
668 958 793 1051 pellere
805 968 903 1038 terra.

99 1062 218 1146 [Ultro
236 1061 366 1127 animos
378 1062 464 1126 tollit
478 1063 586 1145 dictis,
607 1072 707 1145 atque
718 1062 868 1146 increpat
878 1061 1009 1149 ultros]
1036 1118 1040 1124 .

99 1167 206 1249 Quod
217 1166 303 1231 votis
317 1167 463 1249 optastis,
483 1168 591 1247 adest,
610 1166 818 1253 perfringere
830 1169 956 1231 dextra.

100 1272 140 1333 ln
159 1270 315 1334 manibus
325 1274 413 1335 Mars
425 1270 511 1354 ipse,
525 1270 600 1333 riri.
620 1272 716 1356 Nune
734 1269 886 1356 coniugis
899 1281 970 1333 esto

102 1372 255 1461 Quisque
266 1396 344 1440 urae
359 1370 506 1461 lectique
521 1394 664 1441 memor:
678 1397 899 1464 uuncmagna
911 1379 1033 1441 referto
1095 1393 1099 1405 ¹

96 1486 219 1565 Facta,
230 1493 362 1565 patrum
374 1478 499 1547 laudes.
509 1484 605 1545 Ultro
617 1500 830 1546 occurramus
839 1485 883 1545 ad
893 1484 1031 1565 undam,

101 1588 193 1653 Duru
200 1586 322 1671 trepidi
328 1607 519 1680 egressaque
532 1588 646 1651 labant
655 1584 791 1672 vestigia
801 1585 920 1668 prima.

102 1692 265 1757 Audentis
284 1696 428 1756 Fortuna
443 1692 546 1757 iurat.

102 1800 197 1863 Haec
215 1798 275 1881 ait,
286 1808 319 1863 et
332 1818 445 1863 smum
459 1806 582 1880 versat,
595 1816 679 1879 quos
694 1795 815 1861 ducere
828 1804 961 1880 contra,

102 1906 168 1971 Vel
181 1904 456 1987 qrtilrusobscssos
468 1905 572 1987 possit
590 1907 789 1971 concredere
802 1923 925 1969 muros.

92 1998 94 2011 '
140 2012 274 2081 Interea
290 2012 415 2073 Aeneas
428 2008 534 2072 socios
549 2010 591 2071 de
600 2008 771 2092 puppibus
785 2006 863 2069 altis

104 2113 420 2197 Pontibusexponit.
440 2111 538 2177 Multi
557 2132 689 2177 seruere
702 2130 854 2177 recursus
1006 2106 1064 2175 nus

104 2217 306 2306 Languentis
320 2216 452 2303 pelagi,
466 2226 499 2279 et
512 2215 669 2281 brevibus
687 2234 722 2279 se
739 2216 873 2277 credere
891 2216 996 2293 saltu3
1021 2229 1024 2242 ¹

105 2328 168 2389 Per
180 2346 291 2391 remos
303 2325 374 2389 atii.
384 2326 576 2409 Speculatus
593 2323 691 2387 litora
703 2324 848 2404 Tarcho,
923 2356 927 2364 ·

106 2429 180 2519 Qua
191 2436 278 2496 vada
289 2453 358 2497 non
373 2431 517 2516 spirant,
534 2431 710 2495 neufracta
725 2436 947 2493 remurmurat
956 2431 1060 2516 unda,

105 2536 168 2597 Sed
177 2554 272 2599 mare
282 2530 482 2599 irtoffcusurn
495 2533 651 2597 crescenti
662 2532 828 2597 adlabitur
840 2541 949 2611 aestu5
963 2560 967 2565 -

105 2638 255 2703 Advertit
267 2636 375 2701 subito
388 2656 521 2720 proras,
536 2637 709 2719 sociosque
720 2647 892 2721 precatur:

105 2741 214 2823 Nunc,
232 2760 253 2803 ο
266 2743 350 2805 lecta
367 2760 500 2823 manus,
516 2739 633 2803 validis
650 2734 833 2814 incumbite
849 2738 967 2815 retnis3

105 2850 241 2931 Tollite,
252 2850 334 2913 ferte
347 2859 447 2927 rates3
462 2850 634 2913 inimicam
647 2844 764 2912 findite
779 2848 891 2913 rostris

106 2960 201 3023 Hane
216 2968 357 3038 terram,
374 2942 567 3039 sulcumque
578 2956 643 3021 sibi
657 2966 787 3040 premat
798 2956 870 3040 ipsa
886 2955 1008 3021 carina.

25 3053 29 3064 ⁸
105 3066 270 3150 Frangere
279 3047 344 3126 'nec
358 3061 416 3127 tali
433 3064 573 3147 puppim
591 3064 732 3141 statione
745 3084 879 3142 recusos

106 3174 244 3253 Arrepto
261 3172 379 3233 tellure
389 3173 500 3233 semel.
520 3174 614 3255 Quae
628 3170 706 3235 talia
718 3182 893 3255 postquam

99 3272 230 3339 Effatus
240 3278 385 3339 'lanchua
403 3275 483 3339 socii
497 3294 695 3361 consurgere
712 3278 827 3359 tonsis,
950 3318 954 3323 -
1003 3317 1006 3321 ·

106 3380 359 3464 spumantisque
377 3393 462 3443 rates
480 3379 566 3443 arvis
585 3380 709 3443 inferre
721 3380 860 3459 Latinis3
949 3418 951 3423 ,

105 3487 221 3550 Donec
232 3497 337 3549 rostra
349 3496 459 3576 tenent
473 3466 612 3565 siccum,
626 3496 659 3547 et
675 3484 782 3549 sidere
795 3486 933 3549 carinae

107 3594 232 3656 Omnes
246 3594 417 3672 innocuae.
439 3594 502 3656 Sed
516 3590 721 3673 non'puppis
735 3601 808 3673 tua,
821 3594 962 3654 Tarcho.

105 3701 274 3781 Namque,
293 3698 415 3761 indicta
425 3696 645 3779 vadis,-dorso
658 3697 738 3756 dum
752 3698 876 3777 pendet
887 3694 1022 3781 iniquo,
1055 3702 1059 3708 ’

106 3804 234 3883 Anceps
246 3811 426 3877 sustentata
439 3800 514 3881 diu,
533 3796 717 3880 duetupquc*
728 3796 860 3883 latigat3

159 3900 243 3973 Vergil.
267 3900 324 3955 Vol.
342 3902 374 3956 ll.
811 3914 843 3964 Ι7
909 3937 920 3960 v.

1135 1958 1138 1966 ’
1169 1963 1187 1999 l
