2809 4817
381 420 796 489 LIBERLms.
1029 446 1067 513 ¹9

98 561 301 634 nimborum
314 563 350 629 in
366 565 529 649 patriam,
547 569 620 633 loca
631 568 697 635 feta
710 567 899 639 furentibus
907 571 1047 661 Ausus,
1103 630 1106 638 .

98 670 252 733 Aeoliam
263 670 366 735 venit.
387 663 452 736 Hic
466 682 560 737 vasto
575 694 634 737 rex
648 677 770 740 Aeolus
783 684 882 744 antro

97 762 270 840 Lucullis
289 785 405 841 ventos
422 786 694 863 tempestatesque
706 801 844 849 sonoras

96 874 247 961 Imperio
264 879 402 962 premit,
415 896 455 944 ac
471 881 589 947 vinclis
602 892 635 946 et
650 904 781 950 carcere
790 885 908 953 stenae

96 982 152 1044 Illi
163 981 380 1071 indignantes
397 1007 518 1074 magno
537 1008 613 1053 cum
626 1012 798 1057 murmure
806 994 932 1061 montis

99 1092 235 1155 Circum
252 1092 396 1157 claustra
413 1094 567 1160 fremunt.
586 1100 680 1163 Celsa
693 1102 785 1163 sedet
799 1102 1009 1185 Aeolusssrce

96 1194 232 1277 Sceptra
244 1202 374 1277 tenens,
389 1196 562 1279 mollitque
574 1199 719 1283 animos,
736 1210 769 1265 et
782 1212 942 1288 temperat
954 1205 1032 1273 ires.

97 1298 138 1362 Ni
151 1300 271 1382 faciat,
288 1300 392 1365 maria
404 1322 442 1367 ac
457 1312 558 1368 terras
572 1307 768 1389 coelumque
780 1308 985 1391 profundum

99 1400 232 1486 Quippe
240 1401 350 1466 ferant
359 1405 469 1488 rapidi
483 1428 613 1491 secum,
627 1420 828 1493 verrantque
839 1434 900 1496 per
912 1432 1021 1480 auras·

100 1505 162 1567 Sed
171 1513 269 1588 pater
285 1506 496 1590 omnipotens
510 1511 676 1593 speluncis
690 1511 818 1577 abdidit
830 1512 926 1596 atris,

98 1608 170 1671 Hoc
181 1618 353 1700 meterem
368 1613 556 1693 molemque
568 1622 600 1677 et
612 1614 735 1679 montis
746 1615 883 1700 iusuper
895 1620 981 1685 altos

82 1712 282 1817 =Imposuitq
294 1733 474 1799 regemque
488 1714 590 1799 dedit,
606 1716 666 1797 qui
677 1717 811 1798 foedere
823 1729 913 1804 certo

99 1819 136 1881 Et
150 1826 366 1903 premere,et
375 1822 466 1887 tasas
480 1820 577 1888 sciret
590 1823 670 1885 dare
686 1821 792 1889 iussus
809 1826 966 1891 habenas.

99 1925 148 1988 sd
163 1947 268 2007 quem
282 1936 354 1991 turn
364 1928 448 1991 Iuno
458 1930 598 2011 supplex
612 1928 666 1993 his
679 1929 817 1993 vocibus
830 1951 888 1995 usa
899 1942 964 1995 cst:

135 2031 600 2114 Aeole,namquetibiDivom
610 2044 704 2117 pater
711 2047 812 2115 atque
821 2035 996 2102 hominum
1003 2056 1064 2102 rex

98 2138 136 2203 Et
147 2142 299 2205 mulcere
314 2140 406 2205 dedit
420 2143 537 2205 linctus
553 2150 587 2220 et
600 2144 717 2207 tollere
733 2152 850 2227 vento,
1022 2148 1064 2210 66
1122 2204 1126 2213 .

100 2247 189 2313 Gens
200 2246 340 2311 inimica
351 2246 434 2309 mihi
444 2243 657 2329 Tyrrhenum
671 2247 807 2332 navigat
822 2267 962 2333 aequor,

98 2352 198 2417 Ilium
215 2351 253 2413 in
269 2352 399 2417 ltaliam
410 2361 546 2435 portans
559 2350 729 2432 victosque
741 2354 896 2415 Penatesz

100 2456 213 2520 incute
229 2454 301 2519 uim
315 2456 433 2538 ventis,
449 2458 701 2537 submersaeque
715 2458 820 2519 obrue
832 2475 982 2540 puppes;

78 2584 82 2590 ·
101 2564 161 2628 Aut
181 2584 247 2649 age
263 2563 429 2641 diversum
444 2573 475 2625 et
490 2563 604 2627 disiice
622 2582 763 2647 corpora
772 2572 889 2647 ponto.

101 2670 179 2731 Sunt
194 2664 281 2729 mihi
293 2667 345 2731 bis
362 2678 494 2750 septem¹
502 2670 682 2751 praestanti
695 2689 835 2753 corpore
847 2672 1040 2755 Nymphae,

100 2777 266 2862 Quarum,
285 2790 371 2857 quae
388 2776 495 2841 forma
506 2777 939 2861 pulcherrima,1leiopeam
987 2828 996 2852 ,

102 2879 277 2955 consumo
292 2880 431 2966 iungam
447 2880 556 2944 stabili
569 2880 809 2963 propriamque
821 2879 961 2943 dicabo:

103 2985 218 3053 Omnis
233 2996 273 3050 ut
286 2996 396 3051 tecum
411 2985 536 3051 meritis
555 3006 617 3070 pro
633 2986 758 3051 talibus·
766 3004 872 3051 annos

101 3090 234 3177 Erigat,
249 3100 283 3153 et
295 3090 435 3178 pulchra
445 3090 544 3154 faciat
557 3098 589 3153 te
601 3091 696 3173 prole
711 3097 895 3173 parentem.
1054 3181 1058 3191 1

137 3194 262 3257 Aeolus
274 3194 356 3256 haec
371 3201 503 3257 contra:
521 3194 628 3274 Tuus,
640 3212 661 3254 o
672 3190 804 3276 regina,
821 3188 903 3271 quid
915 3197 1009 3274 optes

101 3292 281 3379 Explorate
297 3296 412 3373 labore
426 3293 511 3359 mihi
525 3295 612 3360 iussa
629 3309 797 3379 capessere
810 3293 860 3359 fas
874 3302 932 3357 est.
1051 3382 1055 3390 ι

101 3396 146 3459 Tu
159 3396 263 3479 mihi,
275 3398 499 3479 quodcunque
509 3400 574 3461 hoc
582 3396 737 3484 regni,tu
744 3404 873 3479 sceptra
880 3395 1061 3479 Iovemque

103 3499 281 3578 Concilias3
297 3510 332 3563 tu
343 3500 402 3563 das
412 3500 519 3582 epulis
534 3497 878 3582 adcumberellivom‚
979 3549 980 3553 ,

9 3694 10 3701 ἵ
102 3602 363 3687 Nimborumque
377 3605 457 3671 facis
471 3614 766 3689 tempestatumque
783 3613 963 3689 potentem.

137 3706 301 3773 Haecuhi
317 3706 405 3769 diota
414 3751 424 3788 ,
433 3726 556 3801 ‘cavum
570 3726 729 3771 conversa
743 3708 878 3792 cuspide
890 3717 1042 3776 montem

103 3810 234 3899 Impulit
248 3815 287 3881 in
304 3814 409 3894 latus,
426 3814 691 3901 accerseretur
705 3815 838 3914 agmine
851 3816 958 3899 facto,
1002 3884 1010 3899 ,
