2809 4817
313 398 520 465 LIBER
547 400 679 502 tvm.
720 422 753 467 r·
775 406 845 485 ³7⁰·
999 367 1060 493 sog

133 548 173 607 nt
181 546 294 611 Venus
306 545 398 621 haud
412 546 527 609 animo
538 546 767 628 nequidquam
776 547 931 613 exterriti
942 558 1060 640 mater,

96 642 364 732 laurentumque
378 650 479 715 minis
489 662 521 715 ct
531 654 617 715 duro
629 662 720 717 moto
733 653 894 737 tumltu,

96 758 279 825 Volcanum
293 754 503 839 adloquitur,
518 746 733 836 thalemoque
748 756 832 820 haec
847 756 1000 850 coniugis

248 942 250 948 s
785 881 889 928 aureo
978 877 982 883 ’

96 970 225 1054 Incipit,
237 977 270 1033 et
283 968 379 1047 dictis
393 955 546 1035 divinum
560 968 708 1052 adspirat
719 988 889 1033 autorem

97 1078 180 1139 Dum
195 1078 284 1141 bello
302 1076 449 1161 Argolici
466 1076 637 1139 vastabant
654 1076 815 1161 Pergama
827 1092 923 1161 reges

96 1178 210 1244 Debita
228 1200 426 1262 casurasque
442 1179 586 1265 inimicis
602 1179 740 1265 ignibus
754 1196 860 1245 aroma

97 1290 284 1352 Nonullum
301 1288 464 1353 auxilium
480 1288 622 1371 miseris,
642 1308 713 1353 non
724 1305 819 1352 erma
828 1286 948 1374 rogavi

96 1394 179 1458 Artis
192 1395 331 1478 opisque
345 1402 438 1471 tuae3
461 1412 522 1455 nec
538 1400 583 1473 te,
602 1389 770 1456 carissime
783 1390 924 1475 coniux,
1004 1439 1008 1446 .

97 1500 301 1565 incassumve
315 1508 388 1562 tuos
404 1498 670 1561 voluiexercere
681 1494 832 1576 labores3

99 1600 252 1684 Quamvis
266 1610 301 1665 et
313 1598 438 1663 Priami
454 1601 610 1663 deberem
624 1598 771 1681 plurima
786 1598 890 1683 natis,

99 1706 136 1769 Et
147 1707 266 1769 durum
281 1708 410 1769 Aeneae
425 1701 586 1767 flevissem
600 1720 698 1787 saepe
710 1705 880 1767 laborem:

99 1806 188 1872 Nunc
202 1808 292 1873 Iovis
301 1802 456 1890 imperiis
473 1804 675 1870 Rutulorum
693 1806 840 1871 constitit
853 1804 945 1899 oria.-

99 1914 180 1999 Ergo
190 1914 310 2000 eadem
325 1909 465 1993 supplex
472 1907 587 1989 venio,
604 1919 636 1971 et
648 1920 800 1979 sunctum
816 1910 902 1998 mihi
911 1896 1043 1977 uumcu'

99 2016 191 2077 Arma
204 2032 306 2101 rogo,
323 2008 474 2097 genetrix
490 2019 580 2071 nato.
598 2010 647 2073 Te
662 2010 733 2076 filia
750 2012 862 2094 Nerei,

99 2118 142 2185 Te
156 2120 265 2205 potuit
281 2115 427 2183 lacrimis
441 2115 598 2179 Tithonia
614 2118 744 2181 flectcre
761 2116 895 2181 coniux.
999 2120 1061 2201 384
1146 2114 1154 2130 “

98 2226 250 2309 Adspice,
265 2219 324 2303 qui
340 2224 458 2283 co’e’ant
475 2217 614 2314 populi,
637 2238 722 2301 quae
739 2219 872 2283 moenia
892 2222 1014 2287 clausis
1101 2245 1103 2248 ·

99 2331 230 2391 Ferrum
243 2335 365 2391 acuant
377 2323 481 2407 portis
494 2322 529 2385 in
541 2342 595 2383 rne
609 2321 842 2403 excidiumque
854 2341 1017 2390 meorum.

100 2434 247 2514 Dixerat3
263 2442 298 2497 et
312 2430 417 2495 niveis
432 2429 512 2516 hinc
527 2438 625 2511 atque
638 2426 720 2491 hinc
729 2428 819 2492 Diva
827 2430 959 2493 lacertis

101 2544 313 2605 Cunctantem
330 2539 484 2621 amplexu
505 2534 601 2600 molli
615 2532 717 2597 fovet.
732 2536 796 2597 Ille
811 2547 948 2617 repente

100 2651 229 2735 Accepit
243 2649 375 2713 solitam
393 2647 580 2723 flammam
600 2654 766 2725 notusque
784 2646 947 2709 medullas

101 2756 234 2821 Intravit
249 2756 354 2838 calor,
378 2764 411 2816 et
426 2753 588 2817 labefacta
599 2770 747 2835 perossa
763 2752 922 2814 cucurrit:

101 2866 272 2931 Nons'ecus
284 2872 383 2945 atque
399 2862 496 2944 olim,
515 2860 640 2925 tonitru
661 2877 738 2925 cum
752 2873 851 2945 rupta
876 2869 1012 2932 corusco

100 2974 198 3060 ignea
212 2970 301 3035 rim
316 2969 443 3033 micens'
456 2967 621 3067 percurrit
635 2970 764 3032 lumine
775 2968 916 3033 nimbos.

101 3078 204 3145 Sensit
220 3078 307 3143 laeta
321 3073 405 3139 dolis
419 3083 452 3136 et
468 3074 596 3136 formae
609 3073 742 3137 conscia
756 3074 890 3139 coniux.

100 3184 183 3247 Tum
201 3190 296 3263 pater
309 3189 445 3243 aeterno
462 3176 550 3240 fatur
569 3177 740 3243 devinctus
759 3199 887 3244 amore:

102 3293 190 3377 Quid
208 3308 321 3353 causas
338 3286 423 3371 petis
440 3306 481 3351 ex
496 3286 587 3349 alto?
606 3284 728 3352 fiducia
742 3290 836 3352 cessit

101 3405 175 3487 Quo
195 3399 273 3481 tibi,
293 3398 395 3479 Diva,
406 3395 497 3459 mei?
512 3394 636 3459 Similis
650 3395 679 3460 si
693 3415 773 3459 cura
784 3395 913 3478 fuisset,

21 3554 22 3563 ,
100 3506 185 3569 Tum
197 3521 330 3585 quoque
343 3502 392 3565 fas
406 3501 501 3566 nobis
510 3501 655 3567 Teucros
668 3522 798 3585 armare
812 3501 940 3577 fuisset3

100 3608 165 3671 Nec
179 3609 276 3669 Pater
291 3606 500 3691 omnipotens
517 3604 668 3689 Troiam,
688 3627 751 3670 nec
759 3608 828 3671 fata
839 3608 995 3670 vetabant

99 3710 205 3791 Stare,
222 3708 402 3790 decemque
421 3708 502 3773 alios
513 3708 681 3772 Priamum
694 3731 863 3800 superesse
877 3731 937 3793 per
950 3723 1066 3795 annos·

21 3808 22 3829 i
100 3814 136 3879 Et
148 3812 296 3894 nuuc‚si
308 3814 434 3875 bellare
443 3832 552 3898 paras,
567 3825 665 3897 atque
675 3812 758 3879 haec
769 3811 830 3875 tibi
840 3832 933 3877 meuc
945 3820 1007 3893 εει)

203 3916 290 3990 rena
309 3916 368 3975 Vn.
382 3920 418 3979 ιι.
802 3932 833 3980 u
