2809 4817
214 442 218 455 ·
312 406 517 471 arnan
556 408 649 472 vu.
680 426 722 472 a.
749 408 817 491 7⁵⁵·
986 410 1048 494 195

94 550 317 629 Muloehatque
330 548 413 630 iras,
423 559 455 615 et
465 568 593 615 morsus
605 559 675 615 arta
689 550 832 615 levabat.

94 658 228 719 sednon
238 652 428 717 Dardaniae
444 652 605 717 medicari
619 650 763 736 ouapidia
773 652 877 718 ictum

94 756 233 837 Evaluit3
247 774 357 835 neque
366 774 445 818 eum
462 752 576 818 iuvere
591 754 629 829 in
640 758 780 822 volnera
790 766 906 821 cantus

94 859 275 943 Somniieri,
289 870 322 922 et
334 858 451 923 Mareia
460 860 626 941 quaesitae
639 860 807 928 montibus
819 858 953 931 herbae.

94 968 133 1031 Te
145 966 575 1055 nemuahnguitiae‚vitrea
591 978 621 1033 te
633 949 895 1055 Fucinuaunda,

94 1074 133 1137 Te
144 1070 264 1155 liquidi
277 1074 397 1135 flevere
410 1073 512 1137 laeua.

126 1183 194 1247 Ibat
205 1191 238 1247 et
246 1180 425 1265 Hippolyti
436 1183 545 1265 proles
554 1181 781 1265 pulcherrima
790 1184 880 1249 bello

96 1282 236 1350 Virbius:
251 1284 416 1371 insignem
430 1305 529 1365 quem
539 1294 644 1349 mater
655 1285 766 1350 Aricia
775 1284 881 1368 miait,

95 1386 243 1452 Eduetum
254 1386 389 1473 Egeriae
399 1386 495 1468 lucia,
505 1386 678 1451 humentia
690 1387 817 1452 meum

94 1492 207 1575 litora,
220 1493 356 1579 pinguia
367 1494 425 1559 uhi
440 1504 473 1557 et
488 1494 662 1576 placabilia
677 1514 735 1559 ara
744 1496 881 1560 Dianae.

96 1597 230 1679 Namque
245 1596 356 1661 ierunt
370 1596 460 1661 iama
474 1596 715 1682 Hippolytum,
731 1610 907 1683 postquam
918 1608 991 1669 arie

232 1752 236 1767 .
678 1722 843 1768 novercae

96 1808 267 1893 Occiderit,
279 1808 466 1895 patriasque
480 1810 620 1902 explerit
635 1810 799 1897 sanguine
816 1804 942 1895 poenae

94 1915 232 1979 ‘turbatis
249 1915 421 1981 distraetus
431 1916 540 1999 aquia,
558 1918 602 1981 ad
618 1918 728 1982 sidera
744 1936 858 1991 rursus

93 2018 232 2083 Aetheria
244 2028 277 2081 et
288 2037 423 2101 superas
440 2017 524 2083 coeli
540 2019 666 2083 venisse
678 2021 741 2085 auh
759 2040 876 2103 auras,

94 2116 217 2187 Paeonis
229 2131 420 2187 revocatum
432 2122 543 2187 herbis
554 2132 587 2185 et
598 2132 713 2187 amore
725 2122 863 2187 Dianae.
978 2127 1039 2209 7⁶9

93 2226 165 2289 Tum
173 2226 496 2312 pateromnipotena,
509 2226 655 2308 aliquem
661 2227 854 2313 indignatus
863 2225 1042 2298 abumhria

94 2331 254 2399 Mortalem
270 2328 409 2395 infernis
423 2334 467 2395 ad
480 2331 609 2395 lumina
619 2351 760 2419 ,surgere
774 2330 881 2415 vitae,
946 2403 948 2410 ,

93 2432 154 2516 lpse
165 2445 368 2517 repertorem
385 2430 571 2496 medicinae
585 2431 657 2497 talia
672 2432 800 2502 enanis

94 2539 230 2603 Fulmina
244 2538 491 2625 Phoebigenam
506 2537 637 2625 Stygias
647 2536 785 2603 detrusit
798 2539 841 2601 ad
854 2540 971 2606 unda&

93 2646 126 2709 At
136 2646 246 2711 Trivia
256 2645 479 2731 Hippolytum
494 2647 625 2712 secretis
636 2648 726 2719 alma
737 2646 889 2711 recondit

92 2754 230 2839 Sedbua,
249 2765 282 2820 et
291 2756 460 2839 nymphae
476 2753 613 2841 Egeriae
625 2752 821 2835 nemorique
835 2757 976 2845 relegat:

92 2858 172 2925 Solus
183 2858 242 2923 ubi
251 2859 288 2923 in
300 2856 392 2925 silvis
407 2858 497 2923 Italis
508 2858 666 2946 ignobilia
680 2878 801 2930 aevum

90 2962 245 3051 Exigeret,
261 2982 422 3044 versoque
440 2962 500 3026 uhi
517 2962 654 3027 nomine
665 2962 801 3029 Virbius
814 2974 907 3031 erret.
975 3030 981 3039 ,

90 3064 173 3133 Unde
189 3067 290 3131 etiam
303 3068 428 3151 templo
444 3062 576 3131 Triviae
588 3066 741 3148 'lucisque
755 3069 893 3137 moratis

92 3172 279 3257 Cornipedes
290 3156 446 3273 areentur
457 3172 535 3255 equi
543 3193 553 3251 ς
562 3174 653 3254 quod
664 3173 764 3237 litore
775 3194 911 3241 crurum

91 3272 123 3335 Et
135 3276 285 3342 iuvenem
296 3272 451 3341 monstris
463 3273 578 3357 pavidi
594 3270 742 3341 effudere
757 3278 906 3345 mainis·

91 3374 178 3443 Filius
192 3377 337 3443 ardentia
352 3378 444 3441 haud
452 3376 558 3441 aecius
571 3397 716 3459 aequore
733 3378 844 3464 campi

91 3478 253 3547 Ereroebat
271 3504 391 3565 equos,
405 3504 569 3565 curruque
583 3483 721 3548 inbelle
734 3486 861 3558 ruebat.

122 3587 189 3669 lpse
199 3588 287 3653 inter
302 3588 428 3673 primos
440 3587 618 3673 praestanti
633 3608 771 3673 corpore
785 3592 918 3657 Turnut

90 3688 223 3759 Vertitur
237 3714 332 3759 mma
350 3702 477 3779 tenens,
490 3706 522 3761 et
534 3705 601 3777 toto
617 3694 740 3760 vertioe
757 3716 857 3784 supra
870 3705 936 3761 est:

26 3804 27 3859 ἒ
90 3794 144 3861 Cui
155 3797 275 3887 triplici
287 3798 407 3869 crinita
422 3800 502 3867 iuba
518 3803 614 3892 galea
630 3803 698 3871 alta
714 3802 924 3897 Quotam
