2809 4817
364 328 584 395 menn
605 331 681 395 111.
721 333 846 417 ene.
1046 344 1088 429 ,⁸7

131 474 218 556 Isque
229 470 289 537 ubi
305 472 493 541 Dardanios
505 474 639 541 habitus
652 484 684 545 et
693 477 794 541 Troia
807 477 894 543 vidit

131 582 221 643 Arma
231 579 365 662 procul,
378 582 519 663 paulum
536 584 689 667 adspectu
704 583 902 651 conterritus
911 585 1034 672 haesit,

132 684 357 767 Continuitque
371 689 530 771 gradum
552 708 631 751 mox
641 707 712 755 sese
722 690 767 750 ad
780 687 879 751 litora
891 709 1048 777 praeceps

44 868 45 875 ἵ
132 792 208 853 Cum
217 794 293 857 fletu
313 792 535 879 precibusque
550 794 643 861 tulit:
655 797 720 857 Per
727 794 836 859 sidera
846 803 963 879 testor,

43 944 44 983 3
131 898 187 961 Pu·
197 916 349 982 superos,
363 907 463 981 atque
473 901 538 963 hoe
551 899 635 969 eoeli
645 900 803 985 spirabile
814 902 944 982 lumen3

42 986 44 1035 ³
132 1002 242 1065 Tollite
257 1022 327 1086 me,
345 1004 482 1083 Toueri3
499 1025 718 1097 quascunque·
728 1007 883 1071 abducite
895 1016 1012 1090 terras3

129 1107 196 1171 Hoc
207 1118 255 1172 sat
265 1106 430 1176 erinsdo
445 1130 501 1173 me
514 1108 638 1175 anais
655 1131 674 1174 e
690 1111 980 1197 elassibusunum,

131 1212 168 1273 Et
183 1212 268 1275 bello
281 1212 402 1279 Iliacos
416 1216 523 1279 fateor
534 1215 666 1299 petiisse
680 1220 840 1283 Penates:

131 1318 190 1381 Pro
204 1336 288 1400 quo,
306 1317 335 1383 si
347 1318 480 1385 sceleris
502 1328 593 1383 tanta
610 1330 659 1385 est
670 1320 794 1385 iniuria
808 1320 930 1406 nostri,

131 1423 270 1511 Spargite
281 1424 530 1509 meintiuetus,
549 1434 709 1509 uastoque
719 1426 907 1514 immergite
919 1432 1033 1509 ponto.
1143 1465 1147 1472 ·
1172 1436 1174 1443 ’

131 1527 165 1591 Si
175 1522 287 1613 pereo,
303 1530 480 1595 hominum
495 1531 650 1597 manibus
665 1530 803 1616 periisse
815 1531 955 1596 iuvabit.

130 1634 271 1715 Dixera13
289 1650 322 1701 et
333 1660 443 1727 genua
454 1641 644 1725 amplexus,
657 1640 868 1729 genibusque
879 1638 1035 1705 volutans

129 1743 298 1809 Haerebat.
311 1746 379 1833 Qui
387 1747 442 1830 sit,
459 1748 546 1829 fari,
562 1768 630 1830 quo
642 1748 804 1836 sanguine
821 1755 947 1829 crebis,

130 1851 319 1931 Hortamur3
333 1871 419 1933 quae
432 1854 554 1919 deinde
570 1855 671 1941 agitet
691 1858 853 1935 Fortuna,
865 1852 972 1917 fateri.

130 1954 456 2037 lpsepaterdextram
467 1954 625 2019 Anchises
631 2002 640 2039 ‚
652 1956 744 2019 haud
753 1956 859 2017 multa
868 1962 1035 2042 moratus,

129 2062 188 2125 Dat
200 2063 328 2141 iuveni3
340 2073 438 2145 atque
452 2064 604 2137 animum
614 2062 934 2151 praesentipignore
949 2060 1071 2125 firmat.

129 2168 289 2252 Illehaee,
301 2170 450 2253 deposita
464 2173 598 2234 tandem
616 2169 811 2251 formidine,
829 2171 936 2233 fatur:
1028 2170 1088 2231 612

165 2274 241 2337 Sum
258 2271 367 2357 patria
380 2294 422 2337 ex
431 2274 562 2355 Ithaca,
573 2293 682 2336 eomes
695 2270 839 2337 infelicis
852 2270 959 2353 Ulixi,
1070 2322 1074 2329 .

129 2380 249 2443 Nomen
258 2376 842 2463 Achemenides,Troiam‚genitore
851 2378 1029 2439 Adamasto
1105 2445 1108 2451 ,

129 2486 288 2568 Paupere,
299 2482 556 2567 (mansissetque
569 2481 698 2546 utinam
712 2484 870 2548 Fortuna!
882 2480 898 2566 )
912 2482 1090 2565 profectus.

129 2584 265 2671 Hieme,
280 2592 362 2654 dum
372 2591 494 2673 trepidi
505 2588 654 2655 crudelia
667 2586 787 2651 limina
799 2586 975 2669 linquunt,

128 2696 337 2761 Immemores
354 2696 437 2760 soeii
452 2705 545 2760 vasto
564 2692 722 2779 Cyclopis
738 2692 775 2756 in
791 2702 889 2756 antro

129 2807 313 2869 Deseruere.
327 2806 454 2867 Domus
467 2802 559 2867 sanie
577 2800 783 2884 dapibusque
799 2796 960 2880 ementis,

130 2910 215 2973 Intus
228 2930 353 2992 opaca,
366 2909 496 2993 ingens.
514 2909 588 2990 Ipse
603 2907 743 2986 arduus,
758 2904 892 2982 altaque
901 2900 1012 2983 pulsat
1060 2974 1063 2981 .

130 3012 256 3095 Sidon,
273 3004 339 3098 (Di
351 3058 360 3094 ,
370 3013 472 3087 talem
487 3010 581 3075 terris
593 3008 730 3071 avertite
745 3006 914 3090 pestemt)
960 3087 964 3091 .

131 3115 192 3179 Nee
205 3113 279 3179 visu
288 3114 417 3195 facilis,
432 3134 495 3177 nee
508 3112 598 3175 dietu
613 3106 754 3173 affabilis
771 3106 844 3170 ulli.

132 3216 315 3279 Visceribus
325 3215 524 3277 miserorum
538 3222 569 3275 et
578 3211 740 3298 sanguine
751 3208 893 3273 vescitur
904 3216 986 3272 atro.

130 3322 205 3387 vidi
217 3331 370 3409 egomet,
385 3322 453 3410 duo
464 3321 506 3383 de
520 3308 660 3381 numero
672 3337 748 3379 oum
760 3332 900 3400 corpora
909 3320 1024 3377 nostro

131 3428 250 3493 Prensa
259 3448 362 3493 manu
372 3446 494 3519 magna
504 3424 616 3488 medio
627 3422 803 3510 resupinus
811 3419 848 3483 in
861 3429 957 3513 antro

130 3536 305 3623 Frangeret
320 3537 364 3599 ad
375 3554 509 3616 saxum,
526 3528 683 3611 sanieque
696 3513 849 3611 exspem
860 3528 1014 3592 natarent

132 3638 277 3717 Limina3
289 3638 361 3721 vidi
374 3649 446 3701 atro
463 3658 539 3699 cum
552 3636 701 3699 membra
714 3630 849 3695 fluentia
863 3631 941 3692 tabo
1066 3698 1069 3704 ¹

133 3742 319 3825 Manderet,
336 3752 370 3805 et
380 3740 486 3825 tepidi
498 3746 675 3805 tremerent
687 3736 749 3803 sub
758 3734 912 3800 dentibus
921 3740 1022 3796 artus·
