2809 4817
236 344 238 351 ¹
314 447 322 461 ,
387 388 587 454 orn1s.
625 392 750 475 Moy·
985 395 1042 458 aas
1152 377 1155 383 “

71 527 310 616 Conspioiam,
328 549 391 596 nee
401 540 433 596 te
443 535 637 597 redeuntem
647 517 801 617 amplexa
812 527 940 600 tenebo.

71 633 208 701 Verum
219 637 301 698 haec
312 643 383 698 tum
392 637 488 700 nobis
497 637 612 723 pavia
621 647 719 718 atque
728 638 866 725 indigna
880 640 992 722 fuere,

69 738 186 817 Tum,
197 755 274 797 mea
286 736 438 818 alumna,
452 737 500 798 tui
510 758 586 800 cum
598 759 672 822 spes
682 738 811 826 integra
820 751 984 819 maneret;
1039 784 1042 792 .

70 843 113 904 Et
131 861 205 904 vor
218 839 281 904 ista
297 860 388 904 meas
403 844 554 906 nondum
571 844 753 909 violaverat
768 865 874 912 aures.

69 950 170 1009 Tene
187 946 289 1008 etiam
306 949 450 1011 Fortuna
462 948 545 1010 mihi
555 951 696 1015 crudelis
714 953 859 1016 ademit?

67 1053 190 1131 Tene,
208 1069 230 1112 o
247 1051 319 1113 sola
331 1071 425 1113 meae
441 1050 577 1115 vivendi
596 1072 694 1118 causa
711 1060 881 1122 senectae?

71 1157 185 1234 Saepe
198 1161 256 1215 tuo
272 1150 362 1214 dulci
374 1151 598 1233 nequidquam
618 1165 715 1236 capta
727 1173 865 1237 sopore,

72 1259 163 1317 Cum
175 1263 340 1337 premeret
348 1262 480 1335 natura,
500 1255 656 1316 monime
675 1257 761 1318 velle
774 1256 911 1342 negavi,
1004 1279 1015 1299 1⁴

71 1363 118 1422 Ut
127 1359 195 1422 tibi
206 1357 348 1441 Corycio
360 1360 580 1445 glomerarem
592 1361 745 1424 tlammea
756 1362 838 1424 luto.

71 1473 154 1554 Quo
168 1487 259 1529 nunc
268 1464 492 1548 me(infelix)
503 1476 561 1526 aut
571 1484 655 1545 quae
666 1486 720 1528 mc
730 1466 873 1530 Numina
881 1469 1039 1538 servanti

70 1579 126 1638 An
140 1574 269 1655 nescis,
286 1593 352 1655 qua
367 1575 441 1658 lege
453 1573 556 1658 patris
568 1574 611 1635 de
629 1571 751 1634 vertice
767 1591 898 1634 summo

33 1701 38 1708 ·
71 1683 175 1746 Edita
191 1681 364 1746 candentis
375 1691 543 1764 praetexat
555 1698 703 1764 purpura
714 1679 838 1760 canost

72 1783 285 1877 Quae'tenni
296 1783 422 1866 patriae
433 1803 507 1866 spes
516 1783 557 1847 sit
569 1800 727 1864 suspensa
739 1780 882 1865 capillo?

73 1889 110 1954 Si‘
126 1890 254 1971 nescis,
269 1889 415 1970 aliquam
426 1907 561 1971 possum
573 1905 705 1969 sperare
721 1889 881 1952 salutem:

23 2021 26 2025 ²
72 1976 187 2067 loscio
202 1993 471 2078 quandoquidem
483 1993 589 2054 scelus
600 2010 634 2052 cs
647 2000 763 2052 conata
778 1990 967 2052 nefandum.
979 1997 1039 2056 323

74 2080 135 2176 Sin
144 2107 213 2179 est,
229 2094 322 2178 quod
329 2107 456 2159 metuo:
473 2118 533 2178 per
542 2117 613 2176 me,
627 2115 701 2157 mea
713 2097 863 2176 alumna,
880 2098 1040 2176 tuumque

73 2191 260 2285 Eipertum
266 2200 379 2262 multis
386 2199 527 2262 miserae
533 2199 618 2262 mihi
630 2202 728 2262 rebus
739 2219 903 2282 amorem,

74 2308 140 2370 Per
154 2327 224 2387 me,
242 2316 273 2367 et
282 2312 374 2367 sacra
383 2323 501 2386 precor
515 2325 575 2386 per
584 2303 722 2366 flumina
734 2304 905 2388 Ilithyiam,

74 2415 123 2474 Ne
135 2395 267 2474 tantum
274 2409 311 2472 in
323 2408 451 2472 facinus
461 2418 528 2470 tam
540 2408 635 2471 molli
652 2418 762 2471 mente
777 2413 931 2490 sequaris.

74 2517 153 2579 Non
166 2534 231 2601 ego
242 2525 274 2577 te
286 2512 418 2596 incepto
424 2559 434 2594 ,
448 2511 522 2576 fieri
532 2516 622 2595 quod
633 2533 701 2576 non
710 2523 806 2596 pote,
819 2535 921 2578 conor
1025 2507 1027 2511 ⁸

74 2622 241 2702 Flectere,
252 2636 382 2700 amore,
397 2637 504 2698 neque
514 2629 561 2681 est
575 2639 651 2682 cum
661 2610 721 2680 Dis
734 2621 931 2683 contendere

608 2733 776 2788 nostrum:

75 2837 144 2898 Sed
158 2832 262 2917 patris
277 2832 440 2897 incolumi
457 2833 566 2916 potius
583 2842 613 2894 te
630 2834 756 2894 nubere
775 2851 897 2920 regno,

75 2941 189 3018 Atque
199 2937 329 3018 aliquos
338 2948 525 3001 tamen-esse
534 2938 615 3000 velis
626 2937 703 3019 tibi,
724 2937 875 3020 alumna,
892 2941 1039 3008 Penates.
1138 3011 1143 3023 ,

75 3047 155 3122 Hoc
166 3064 289 3125 unum,
301 3043 401 3105 exitio
411 3046 506 3107 docta
520 3055 617 3125 atque
629 3053 778 3125 expecta,
791 3044 946 3106 monebo.

76 3147 219 3233 Quodsi
234 3148 380 3210 nonalia
392 3149 514 3232 poteris
528 3149 656 3212 ratione
667 3159 839 3229 parentem

76 3255 244 3314 Flectere:
260 3252 339 3336 (sed
352 3251 488 3335 poteris3
506 3253 587 3332 quid
599 3245 687 3314 enim
696 3261 766 3316 non
780 3252 880 3316 unica
890 3254 1038 3346 possiet)
1152 3265 1153 3273 ’

76 3359 177 3418 Tunc
186 3357 417 3439 potius-tamen
430 3355 520 3439 ipsa,
534 3357 591 3438 pio
605 3370 682 3419 cum
691 3355 765 3418 iure
773 3355 902 3438 licebit,

77 3461 167 3522 Cum
180 3458 258 3521 facti
271 3479 403 3522 causam
417 3470 609 3542 tempusque
619 3459 742 3527 doloris
755 3459 907 3541 habebis,

76 3567 177 3628 Tunc
189 3563 299 3647 potius
312 3578 430 3630 conata
447 3578 503 3628 tua
515 3577 613 3647 atquc
624 3567 757 3648 incepta
773 3564 903 3627 referto.
925 3549 927 3554 ⁵

75 3666 218 3748 Meque,
236 3668 388 3747 Deosque
402 3670 462 3731 tihi
479 3669 628 3749 comites,
646 3687 720 3731 mea
739 3670 892 3749 alumna,
910 3668 1038 3735 futuros

77 3775 263 3840 Polliceor:
276 3773 431 3858 nihilest,
448 3778 540 3856 quod
555 3785 642 3841 teras
658 3774 793 3859 ordine,
807 3778 953 3860 longum.
1029 3809 1032 3817 ι
1113 3787 1116 3794 ’
