2809 4817
365 351 571 463 uttan
610 398 637 466 1.
677 404 804 480 erm
1018 405 1057 467 m

107 543 236 629 Stipant,
247 548 281 607 et
297 541 389 607 dulci
403 533 595 609 distendunt
611 552 743 610 nectare
756 546 876 624 celim

105 650 161 711 lut
172 668 270 711 onera
284 647 452 733 accipiunt
461 648 669 732 venientum,
682 660 739 715 aut
751 648 888 738 agmine
898 650 987 717 facto

42 802 49 809 .
105 754 254 839 Ignavum
269 753 364 817 fucos
378 775 479 837 pecua
492 774 512 819 a
526 756 740 841 praesepibus
751 767 885 837 areent3

104 862 206 923 Fervet
215 880 316 943 opus,
333 862 548 943 redolentque
562 864 680 945 thymo
689 863 873 951 fragrantia
882 863 993 930 mella.

104 965 306 1049 Ofortunuti,
322 982 465 1051 quorum
475 966 543 1029 iem
560 967 693 1031 moenia
707 973 869 1058 surgunt!

102 1073 214 1136 Aeneae
229 1068 296 1155 ait,
308 1080 341 1135 et
350 1070 481 1159 fastigia
495 1072 630 1156 suspicit
648 1075 752 1139 urbis.

101 1178 193 1240 Infert
210 1196 245 1241 se
257 1185 393 1261 saepem
405 1178 528 1243 nebula
547 1177 728 1263 (mirabile
742 1180 864 1264 dictu)

100 1283 154 1345 Per
166 1280 309 1365 medios,
323 1277 505 1363 miscetque
513 1281 611 1361 viriu3
625 1300 735 1363 neque
747 1284 894 1347 cernitur
905 1282 978 1349 ulli.

133 1382 235 1447 Lucus
244 1383 282 1447 iu
294 1385 379 1447 urbe
389 1383 453 1447 fuit
463 1385 591 1468 media,
607 1383 807 1449 laetissimus
820 1388 984 1471 umbrae,

100 1487 165 1570 Quo
175 1486 319 1570 primum
326 1532 337 1571 ,
350 1488 462 1553 iactati
474 1488 573 1553 undis
587 1496 620 1553 et
630 1488 780 1571 turbine,
788 1489 892 1555 Poeni

97 1582 236 1656 Effudere
248 1595 325 1660 loco
337 1590 492 1681 tignum,
507 1595 598 1675 quod
612 1594 702 1681 regia
718 1594 805 1659 luno

96 1697 301 1781 Momtrurat,
313 1707 412 1782 caput
425 1698 510 1764 acris
521 1700 617 1781 equi;
631 1700 679 1767 uic
690 1720 770 1765 nam
781 1701 854 1767 iore
864 1703 956 1767 bello

94 1800 258 1889 Egregium
267 1798 284 1885 ,'
296 1812 330 1866 et
341 1803 472 1868 facilem
485 1806 576 1869 victu
589 1828 650 1890 per
662 1809 773 1872 secula
789 1817 936 1896 gentem.

86 1896 152 1969 -Hic
166 1904 325 1991 templum
342 1909 465 1973 Iunoni
474 1910 594 1997 ingens
605 1910 741 1976 Sidonia
755 1913 845 1977 Dido

91 2014 269 2099 Condebat,
282 2016 379 2081 donis
392 2020 589 2102 opulentum
603 2030 636 2083 et
650 2020 790 2085 numine
804 2013 927 2088 Divae:

88 2119 185 2185 Aerea
199 2122 252 2187 cui
265 2120 423 2209 gradibus
433 2125 763 2212 surgebantlimina,
780 2146 953 2210 nexaeque
986 2130 1048 2208 448

88 2226 166 2291 Aere
178 2232 301 2307 trabem
315 2228 443 2295 foribus
457 2232 557 2295 cardo
572 2230 732 2296 stridebat
746 2226 850 2295 altum

88 2319 310 2417 Hocprimutn
320 2334 444 2407 iulum
455 2354 543 2417 noya
555 2356 608 2401 res
619 2336 732 2400 oblatu
748 2337 904 2403 timorem
957 2376 962 2383 ·

87 2440 204 2503 leniit:
224 2434 281 2505 hic
291 2442 439 2526 primum
450 2446 577 2509 Aeneas
592 2462 725 2526 sperare
743 2444 887 2510 salutem

87 2550 202 2634 turus,
214 2556 248 2615 et
264 2550 403 2616 adflictis
415 2552 534 2619 melius
550 2549 717 2616 confidere
730 2555 841 2617 rebus.

87 2651 243 2736 Namque,
258 2655 320 2717 sub
333 2653 462 2741 ingenti
475 2657 591 2721 lustrat
608 2656 689 2723 dum
704 2654 838 2743 singula
854 2652 999 2740 templo,

85 2760 241 2847 Reginam
257 2760 449 2844 opperiens,
466 2762 561 2844 dum,
579 2780 664 2843 quae
677 2760 814 2825 fortuna
831 2759 874 2825 uit
885 2760 986 2843 urbi,

85 2863 316 2948 Artificumque
332 2886 451 2931 manus
461 2867 548 2933 iuter
559 2887 610 2950 ee,
626 2868 1002 2953 operumquelabcrem,

84 2969 232 3055 Miratur,
250 2972 342 3037 videt
352 2972 467 3042 Iliacae
480 2991 521 3035 ex
535 2971 654 3035 ordine
667 2990 824 3058 pugnat,

85 3074 232 3158 Bellaque
245 3078 314 3141 iam
327 3078 416 3143 fama
431 3087 537 3142 toturn
552 3078 686 3165 volgata
702 3097 764 3160 per
776 3076 910 3159 urbem,
1005 3129 1012 3139 ,

83 3176 222 3266 Atridas,
238 3185 488 3266 Priamumque,
501 3192 675 3249 etsaevum
686 3182 850 3247 ambobus
858 3178 1039 3244 Achillem*

83 3284 480 3371 Constititsetlacrimans,
492 3286 575 3373 Quis
585 3287 651 3349 iam
659 3288 761 3368 locun,
775 3284 896 3365 inquit,
904 3285 1038 3368 Achate,

82 3390 169 3473 Quae
181 3392 276 3479 regio
294 3393 332 3460 iu
346 3394 440 3467 terris
454 3392 558 3459 nostri
571 3410 641 3457 non
654 3395 756 3478 plena
769 3393 914 3459 laboris?

81 3492 127 3556 Eu
138 3496 298 3560 Priamus.
314 3498 397 3561 Sunt
409 3490 465 3561 hic
477 3497 578 3563 etiam
590 3517 649 3561 sua
662 3500 813 3583 praemia
824 3501 935 3581 lcudi3

81 3600 156 3665 Sunt
164 3603 323 3667 lacrimae
337 3621 469 3684 reuum3
483 3612 516 3669 et
528 3613 674 3671 mentem
683 3607 839 3677 mortalia
850 3615 1003 3696 tangunt.
1025 3664 1029 3671 .

80 3704 170 3770 Solve
181 3718 308 3773 metus:
325 3709 409 3773 feret
418 3712 500 3775 haec
510 3710 657 3792 aliquam
670 3710 831 3775 tihiiama
843 3715 993 3780 salutem.

79 3808 129 3876 sic
141 3812 200 3901 ait,
217 3824 321 3899 atque
333 3812 484 3883 animum
501 3816 631 3903 pictura
640 3818 746 3903 pascit
759 3817 873 3904 inum,
