2809 4817
361 324 421 400 154
665 322 1019 389 AENEIDOS
1163 337 1287 415 v0371.

361 470 499 539 Sedibus
510 472 671 539 utoaltem
687 470 827 555 placidie
844 469 882 536 in
897 481 1006 537 morte
1018 472 1198 555 quiescam.

346 564 456 641 'Talia
469 578 554 641 fatus
567 586 652 657 erat,
675 575 784 659 coepit
795 597 872 639 oum
887 576 967 655 talia
983 588 1090 641 vates:
1376 647 1377 656 χ

359 684 457 747 Unde
470 684 567 764 haec,
580 700 601 743 o
615 680 785 761 Palinure,
804 679 866 743 tibi
881 689 949 743 tam
957 680 1034 745 dira
1046 680 1196 805 cupido?
1266 734 1270 739 .

359 788 410 849 Tu
425 786 555 873 Stygias
566 787 760 851 inhumatus
775 806 894 867 aquas,
909 806 1110 868 amnemque
1124 810 1278 857 severum

358 893 582 959 Eumenidum
595 891 817 974 adspicies',
789 912 943 977 ripamve
956 892 1100 960 iniussus
1118 896 1245 963 adibis?

358 997 482 1062 Desine
498 996 565 1059 fata
582 993 691 1061 Dedrn
703 994 790 1063 flecti
806 1016 942 1081 sperare
956 1002 1139 1081 precando.

358 1101 423 1164 Sed
437 1120 517 1183 cape
527 1098 615 1163 diota
628 1080 773 1179 memor,
788 1097 866 1161 duri
877 1099 995 1163 solatia
1009 1120 1112 1168 carus.

358 1208 442 1271 Nam
459 1214 514 1269 tua
531 1202 682 1285 firdumi,
699 1206 800 1289 longe
815 1205 948 1287 lateque
962 1226 1025 1288 per
1040 1208 1141 1275 urbes

357 1308 522 1397 Prodigiis
534 1308 599 1372 acti
613 1309 827 1391 coelestibus,
845 1329 918 1373 ossa
932 1310 1090 1394 piabunt3

356 1412 398 1474 Et
413 1421 555 1477 statuent
567 1410 754 1491 tumulum,
767 1418 800 1472 et
812 1412 941 1475 tumulo
954 1411 1131 1477 sollemnia
1146 1411 1293 1495 mittent;

356 1522 603 1599 Aeternumque
615 1519 711 1583 locus
728 1517 879 1583 Palinuri
894 1538 1018 1583 nomen
1035 1521 1184 1585 habebit.

357 1624 420 1687 His
433 1622 529 1687 dietis
548 1642 647 1687 curae
660 1632 810 1705 emotae,
823 1624 1003 1707 pulsusque
1019 1644 1202 1709 parumper

357 1734 466 1795 Corde
480 1732 577 1794 dolor
590 1730 690 1795 tristi:
707 1732 830 1818 gaudet
845 1732 1047 1818 cognomine
1062 1742 1161 1798 terra.

397 1836 486 1922 Ergo
502 1835 566 1899 iter
583 1814 756 1919 inceptum
768 1848 948 1926 peragunt,
969 1835 1138 1921 fluvioque
1149 1858 1231 1923 pro-

541 1992 546 2009 ,
770 1981 773 1987 ·
889 1943 1066 2027 pinquant.

355 2044 566 2127 Navita-quos
578 2045 647 2113 iam
659 2044 739 2110 inde
749 2055 786 2109 ut
793 2046 910 2134 Stygia
917 2046 1139 2131 prospexitab
1150 2050 1241 2111 unda
1260 2046 1312 2111 385

355 2152 419 2214 Per
430 2151 566 2216 tacitum
578 2172 694 2222 nemus
705 2152 771 2233 ire,
790 2156 978 2244 pedemque
986 2157 1159 2219 advertere
1168 2156 1277 2239 ripae,

355 2260 409 2323 Sic
420 2260 514 2344 prior
524 2262 718 2349 aggreditur
730 2262 844 2346 dictis,
860 2272 960 2345 atque
971 2263 1239 2347 increpatultro:
1269 2310 1272 2317 -

260 2417 262 2423 s
356 2365 572 2449 Quisquis-es,
587 2370 732 2432 armatus
747 2368 808 2449 qui
821 2378 933 2433 nostra
952 2372 996 2431 ad
1010 2368 1151 2433 flumina
1164 2368 1285 2453 tendis,
1376 2363 1377 2368 ¹

355 2468 438 2530 Fare
453 2488 528 2555 age,
545 2470 626 2551 quid
641 2472 800 2552 veniam
789 2494 859 2539 ram
873 2474 971 2538 istinc
984 2485 1017 2539 et
1033 2474 1218 2559 comprime
1281 2532 1287 2541 .

982 2603 1051 2645 um.

355 2678 558 2741 Umbrarum
567 2676 624 2743 hic
634 2679 728 2745 locus
737 2692 798 2764 cst,
812 2602 1115 2768 Summumque
1125 2661 1276 2773 soporae:

354 2784 553 2868 Corpora
520 2806 599 2849 vrva
611 2788 704 2852 nefas
719 2789 835 2875 Stygia
848 2802 979 2856 vectare
996 2792 1120 2865 carina.

354 2893 422 2957 Nec
439 2910 520 2956 vero
537 2895 675 2961 Alciden
692 2919 748 2961 me
757 2919 832 2963 sum
845 2902 987 2967 laetatur
1002 2912 1139 2967 euntem

354 2998 526 3084 Accepisse
545 3004 638 3086 lacu,
659 3026 720 3070 nec
735 3010 862 3073 Thesea
876 3008 1148 3093 Pirithoumque5
1170 3018 1174 3021 ’
1214 3038 1219 3043 ·

354 3101 414 3173 Dis
430 3128 633 3192 quamquam
645 3115 770 3200 geniti,
787 3126 887 3199 atque
906 3116 1025 3183 invicti
1041 3118 1169 3187 viribus
1183 3128 1289 3200 essent.

354 3214 551 3281 Tartareum
558 3218 618 3282 ille
628 3239 731 3286 manu
743 3226 914 3289 custodem
923 3224 961 3289 in
973 3225 1086 3290 vincla
1091 3228 1229 3314 petivit,
1376 3223 1377 3228 ’

352 3319 462 3402 Ipsius
478 3340 499 3385 a
516 3322 601 3388 eollo
614 3324 703 3411 regis
720 3328 885 3413 traxitque
902 3341 1113 3397 trementem:

354 3424 400 3489 Hi
418 3426 592 3495 dominam
603 3431 690 3503 Ditis
704 3437 852 3508 tudano
865 3440 1032 3503 deducere
1045 3441 1168 3509 adoni.

354 3533 450 3617 Quae
465 3546 580 3599 contra
593 3539 740 3605 breuiter
752 3543 821 3609 fata
828 3555 877 3609 est
886 3547 1090 3632 Amphrysia
1097 3559 1205 3615 vates·

354 3634 473 3697 Nullae
482 3627 538 3700 hic
539 3637 690 3709 insidiae
705 3646 803 3726 talen
820 3648 941 3726 absiste
960 3650 1107 3730 moveri;

354 3741 507 3813 Necvun
519 3745 730 3825 tetulerunt
745 3750 953 3845 lroetrugens
965 3756 1199 3826 nmtorrntro
1264 3752 1268 3763 '
