2809 4817
339 357 542 425 LIBER
582 362 647 425 lx.
686 366 814 429 nitio.
997 376 1055 456 ²³9

82 504 241 588 Increpat
249 500 303 573 his
317 500 439 567 victor:
456 506 632 569 Nostraene
647 510 805 591 evadere,
821 489 973 596 demens,

82 614 230 699 Sperasti
244 623 277 676 te
293 630 387 695 posse
404 616 546 677 manus?
559 614 657 679 simul
675 617 793 700 arripit
809 620 920 703 ipsum

83 728 309 805 Pendentem,
326 733 358 786 et
371 742 494 810 magna
506 722 594 785 muri
605 738 784 807 camparte
798 729 948 792 revellitr
1040 772 1044 791 2

84 832 214 916 Qualis,
221 830 281 893 ubi
288 832 513 912 autleporern,
525 841 581 893 aut
591 833 890 917 candenticorpore
898 858 1053 923 cycnum,

85 937 224 1001 Sustulit
235 938 305 997 alta
319 945 434 1017 petens
449 935 588 1017 pedihus
599 936 685 999 Iovis
700 938 845 1022 armiger
858 940 970 1020 uncis;

85 1041 280 1126 Quaesitum
293 1050 349 1103 aut
363 1041 462 1104 matri
474 1040 587 1105 multis
598 1042 763 1107 balatibus
779 1062 905 1130 agnum

85 1144 225 1207 Martius
238 1164 258 1205 a
277 1143 413 1207 stabulis
426 1145 535 1227 rapuit
547 1146 655 1228 lupun.
667 1146 826 1227 Undique
843 1151 969 1214 clamor

85 1247 239 1309 Tollitur.
253 1246 435 1324 Invadunt,
451 1254 483 1307 et
495 1245 596 1313 fossas
610 1266 732 1330 aggere
745 1250 932 1331 complent;
1027 1301 1030 1314 .

85 1350 240 1417 Ardentis
258 1350 368 1413 taedas
382 1346 441 1413 alii
454 1350 497 1411 ad
516 1348 646 1435 fastigia
660 1349 794 1415 iactant.

86 1458 323 1523 Ilioneusaaxo
338 1463 437 1537 atque
449 1455 577 1541 ingenti
590 1456 757 1543 fragmine
769 1458 893 1523 montis

87 1559 276 1641 Lucetium,
296 1548 411 1641 portae
423 1562 635 1643 subeuntem,
651 1548 805 1648 ignisque
820 1564 994 1646 ferentem3

87 1664 283 1729 Emathiona
298 1664 415 1751 Liger,
431 1666 643 1748 Corynaeum
655 1666 772 1730 sternit
783 1670 918 1751 Asylas:

88 1766 147 1829 llio
159 1766 273 1831 iaculo
287 1754 408 1849 honus,
426 1766 481 1829 hie
497 1769 595 1854 longe
616 1768 751 1833 fallente
767 1770 902 1857 sagitta:

90 1870 269 1958 Ortygium
283 1874 446 1953 Caeneus,
465 1872 625 1936 victorem
643 1878 773 1941 Caenea
787 1880 941 1958 Turnum

88 1980 217 2045 Turnus
234 1976 339 2060 Itym,
357 1976 594 2060 Cloniumque,
607 1979 831 2063 Dioxippum,
849 1985 932 2045 Pro·
987 2025 991 2032 ·

603 2084 827 2167 molemque,
962 2163 964 2168 Ι
988 2091 1047 2170 574

88 2190 124 2249 Et
132 2186 302 2275 Sagarim,
313 2195 345 2249 et
355 2186 492 2251 summis
505 2195 643 2249 stantem
656 2207 718 2269 pro
731 2188 983 2268 turrihusldan3

89 2292 280 2371 Priyernum
295 2293 413 2374 Capys.
434 2295 532 2355 Hunc
548 2291 657 2373 primo
671 2292 753 2357 levis
766 2294 859 2357 hasta
871 2294 1032 2359 Temillae

90 2398 284 2465 strinxerat:
299 2396 357 2460 ille
371 2417 507 2459 manum
519 2397 666 2483 proiecto
684 2395 832 2485 tegmine
850 2400 987 2463 demens

89 2504 133 2563 Ad
142 2485 266 2565 vlilnus
277 2500 368 2563 tulit:
389 2520 469 2589 ergo
482 2501 542 2565 alis
559 2500 694 2583 adlapsa
714 2498 851 2587 sagitta,
931 2514 944 2537 ·

89 2608 124 2670 Et
138 2611 237 2670 laevo
252 2603 360 2669 adfixa
375 2617 422 2669 est
434 2605 529 2668 lateri
548 2624 682 2687 manus,
697 2604 874 2685 abditaque
887 2604 975 2684 intus

89 2715 292 2797 spiramenta
307 2713 437 2777 animae
452 2712 544 2776 letali
561 2714 696 2775 volnere
714 2710 850 2794 rumpit.

89 2824 195 2885 Stabat
213 2820 250 2881 in
265 2818 406 2906 egregiis
422 2818 571 2883 Arcentis
587 2818 674 2881 filius
691 2818 810 2897 armis3

88 2926 194 2989 Pictus
210 2944 271 2987 acu
284 2925 513 3005 chlamydem,
528 2933 560 2987 et
570 2922 741 3007 ferrugine
751 2924 858 2985 clarus
868 2921 1007 3005 Hibera,

89 3029 230 3117 insignis
244 3028 344 3110 facie,
357 3026 488 3113 genitor
500 3046 599 3105 quem
613 3024 748 3087 miserat
756 3025 898 3112 Arcens,

91 3137 252 3201 Eduetum
266 3133 379 3221 Matris
396 3134 488 3210 luno,
505 3129 694 3211 Symaethia
713 3130 839 3192 circum

88 3243 253 3324 Flumina,
279 3237 411 3327 pinguis
422 3236 482 3301 ubi
494 3244 525 3297 et
541 3226 715 3318 placabilis
733 3254 790 3296 ara
804 3233 924 3298 Palici:

23 3384 24 3387 =
89 3348 284 3413 Stridentem
301 3346 457 3424 fundam,
476 3340 590 3424 positis
601 3335 781 3402 Mezentius
792 3338 908 3419 hastis,

88 3454 157 3535 Ipse
177 3464 229 3516 ter
242 3453 383 3513 adducta
398 3448 634 3528 circumeaput
653 3446 719 3531 egit
730 3434 876 3520 habena3

86 3559 124 3621 Et
136 3558 249 3622 media
264 3554 392 3623 adversi
407 3552 584 3635 liquefacto
598 3560 745 3631 tempora
757 3548 897 3630 plumbo

88 3661 237 3743 Diffidit,
255 3680 293 3723 ac
309 3662 413 3723 multa
428 3664 618 3741 porrectum
637 3652 783 3715 extendit
796 3670 907 3713 arena.

89 3765 173 3827 Tum
188 3764 336 3850 primum
351 3762 439 3827 bello
455 3761 595 3823 celerem
610 3754 788 3820 intendisse
807 3751 959 3841 sagittam
