2809 4817
379 382 437 445 sat
583 364 1031 439 'AENEIDOS
1174 384 1299 455 mser.

376 530 485 597 Multa
495 546 576 592 caro
590 521 686 591 lateri
699 524 925 611 ingeminant,
940 520 1117 607 eipectore
1128 532 1241 590 vastos

376 638 466 701 Dant
477 635 620 711 sonitust
634 641 788 713 erratque
804 628 895 695 auris
907 639 940 693 et
955 640 1105 715 tempora
1121 629 1251 697 circum

377 746 503 809 Crebra
516 758 650 819 manus3
666 739 751 803 duro
761 738 924 823 crepitant
937 742 1001 804 sub
1016 736 1154 803 volnere
1168 742 1289 807 malae.

377 848 446 912 Stat
456 846 567 935 gravis
579 843 747 934 Entellus,
762 841 903 924 nisuqm
914 843 1073 907 immotus
1086 844 1207 907 eodem

378 953 525 1034 Corpore
541 951 605 1013 tela
617 950 719 1013 modo
734 957 833 1028 atque
845 945 952 1012 oculis
961 945 1177 1031 vigilantibus
1185 947 1266 1011 exit.

375 1052 455 1133 Ille,
468 1053 559 1115 velut
571 1050 692 1115 celsam
704 1059 877 1136 oppugnat
889 1050 949 1130 qni
959 1049 1104 1115 molibus
1115 1053 1254 1135 urbem,

376 1162 442 1224 Aut
456 1169 614 1223 montana
625 1160 717 1227 sedet
736 1158 861 1223 circum
877 1158 1010 1223 castella
1025 1159 1088 1221 sub
1105 1157 1227 1239 umis,

377 1265 473 1327 Nunc
486 1265 566 1345 bos,
582 1283 671 1327 nunc
687 1262 764 1325 illos
774 1261 899 1343 aditus,
918 1279 1119 1351 omnemque
1128 1268 1278 1343 pererrat

377 1374 456 1436 Arte
469 1374 594 1449 loenm3
608 1381 639 1435 et
653 1368 753 1433 variis
772 1367 946 1461 assultibus
958 1365 1073 1429 irritus
1089 1375 1199 1451 urget.

379 1478 533 1541 Ostendit
549 1480 699 1541 dextram
708 1475 883 1559 insurgens
898 1472 1062 1553 Entellus,
1076 1482 1110 1535 et
1122 1474 1190 1536 alte

377 1582 519 1647 Extulitt
538 1582 596 1648 ille
608 1582 715 1649 icturn
731 1579 918 1647 venientem
932 1599 952 1643 a
968 1580 1092 1644 vertice
1109 1583 1212 1645 velox

378 1690 561 1773 Praevidit,
582 1690 746 1771 celerique
765 1690 895 1773 elapsus
911 1707 1051 1771 corpore
1062 1688 1168 1753 cessit.

378 1796 526 1859 Entellus
542 1794 628 1859 vires
638 1794 676 1859 in
688 1805 826 1858 ventum
838 1788 971 1871 effudit3
988 1802 1022 1858 et
1033 1795 1139 1875 ultro,

379 1904 455 1987 Ipse
464 1902 591 1991 gravis,
609 1900 839 1989 graviterque,
848 1902 893 1966 ad
903 1910 1024 1965 terram
1036 1904 1184 1985 pondere
1200 1912 1291 1967 vasto

379 2008 549 2073 Concidit:
567 2016 604 2070 ut
619 2008 790 2088 quondam
799 2024 881 2069 cava
891 2006 1037 2070 concidit
1045 2016 1103 2070 aut
1117 2008 1330 2092 Erymantho,

263 2110 270 2121 ’
367 2100 445 2181 ΙΑιιι
458 2118 517 2179 lda
531 2114 567 2177 in
583 2134 704 2202 magna
723 2112 889 2177 radicibus
907 2122 1002 2177 cruta
1017 2112 1129 2195 pinus.
1277 2130 1330 2194 449

379 2222 593 2305 Consurgunt
605 2215 723 2281 studiis
735 2216 857 2280 Teucri
869 2226 901 2277 et
912 2214 1085 2281 Trinacria
1097 2219 1222 2301 pubes:

378 2326 410 2387 It
421 2326 547 2391 clamor
558 2322 666 2404 coelo,
684 2321 880 2405 primusque
894 2322 1037 2385 accurrit
1047 2324 1192 2405 Acestes,

379 2431 660 2511 Aequaerumque
672 2428 716 2492 ab
729 2430 834 2491 humo
849 2424 1009 2493 miserans
1024 2430 1143 2496 attollit
1155 2430 1305 2497 nmmum.

379 2539 438 2617 At,
457 2556 526 2599 non
546 2534 694 2597 tardatus
707 2553 782 2596 casu
801 2554 909 2614 neque
922 2531 1069 2616 territus,
1083 2537 1183 2599 heros

380 2643 550 2707 Acriorad
568 2659 718 2726 pugnam
734 2639 837 2721 redit,
852 2661 891 2705 ac
904 2641 973 2705 rim
983 2641 1118 2705 suscitat
1128 2642 1202 2723 ira,

379 2748 468 2813 Tum
483 2750 593 2832 pudor
608 2744 758 2809 incendit
770 2746 874 2827 vires,
889 2755 922 2809 et
932 2747 1065 2811 conscia
1076 2750 1202 2831 virtus,

381 2850 665 2933 Praecipitemque
678 2851 791 2913 Daren
802 2852 922 2915 ardens
933 2851 1003 2939 agit
1012 2873 1157 2935 aequore
1176 2866 1259 2936 toto;

381 2956 477 3016 Nunc
491 2954 610 3015 dextra*
620 2952 832 3038 ingeminans
841 2955 943 3036 ictus,
965 2978 1055 3019 nunc
1067 2957 1127 3021 ille
1135 2960 1276 3024 sinistra

381 3060 448 3119 Nec
466 3076 574 3138 mora,
590 3077 652 3119 nec
667 3056 808 3137 requies.
821 3060 931 3143 Quam
944 3060 1051 3122 multa
1062 3061 1226 3147 grandine
1236 3052 1329 3125 nimbi

382 3161 591 3225 Culminibus
607 3161 784 3245 crepitant,
801 3162 849 3226 sic
866 3164 977 3229 densis
989 3164 1109 3229 ictibus
1124 3168 1224 3231 heros

327 3262 330 3267 ’
377 3273 506 3335 Creber
519 3283 660 3353 utraque
676 3292 778 3335 manu
793 3275 903 3355 pulsat
918 3284 1091 3355 rcrsatquc
1106 3277 1238 3339 Daretaa

383 3376 470 3439 Tum
484 3388 578 3459 pater
592 3380 720 3464 Aeneas
735 3381 915 3461 procedere
931 3381 1064 3468 longius
1078 3380 1160 3466 iras,

384 3481 425 3541 Et
435 3481 561 3543 saevire
580 3481 698 3545 animis
714 3470 880 3547 Entellum
891 3485 981 3547 haud
997 3506 1110 3567 passus
1125 3488 1262 3571 acerbis,

383 3584 447 3645 Sed
462 3583 563 3648 finem
583 3587 741 3669 imposuit
754 3611 904 3675 pugnae,
920 3591 1107 3671 fessumque
1118 3594 1240 3657 Dareta
1335 3648 1339 3656 ,

383 3687 524 3773 Eripuit,
542 3694 691 3759 mulcens
707 3694 819 3770 diesin
838 3716 877 3761 uc
893 3696 970 3761 talia
985 3696 1090 3760 futur:

383 3796 502 3861 Iniclin
510 3844 521 3883 ,
534 3818 619 3883 quae
635 3808 727 3865 tanta
738 3801 887 3867 animum
901 3802 1067 3891 dementia
1079 3802 1190 3888 cepit?
