<?xml version="1.0" encoding="UTF-8"?>
<!DOCTYPE html PUBLIC "-//W3C//DTD XHTML 1.0 Transitional//EN"
    "http://www.w3.org/TR/xhtml1/DTD/xhtml1-transitional.dtd">
<html xmlns="http://www.w3.org/1999/xhtml" xml:lang="en" lang="en">
 <head>
  <title>
</title>
<meta http-equiv="Content-Type" content="text/html;charset=utf-8" />
  <meta name='ocr-system' content='tesseract 3.04.00' />
  <meta name='ocr-capabilities' content='ocr_page ocr_carea ocr_par ocr_line ocrx_word'/>
</head>
<body>
  <div class='ocr_page' id='page_1' title='image "./pvirgiliimaroni00clasgoog_0027.png"; bbox 0 0 2809 4817; ppageno 0'>
   <div class='ocr_carea' id='block_1_1' title="bbox 17 603 1155 3973">
    <p class='ocr_par' dir='ltr' id='par_1_1' title="bbox 17 603 1155 3973">
     <span class='ocr_line' id='line_1_1' title="bbox 17 603 1038 710; baseline 0.029 -45"><span class='ocrx_word' id='word_1_1' title='bbox 17 674 18 677; x_wconf 8' lang='grc' dir='ltr'><strong>Ἴ</strong></span> <span class='ocrx_word' id='word_1_2' title='bbox 83 603 279 685; x_wconf 63' lang='lat' dir='ltr'><strong>duma-444</strong></span> <span class='ocrx_word' id='word_1_3' title='bbox 297 606 421 671; x_wconf 85' lang='lat' dir='ltr'><strong>interim</strong></span> <span class='ocrx_word' id='word_1_4' title='bbox 431 609 572 691; x_wconf 79' lang='lat' dir='ltr'>Aeneas,</span> <span class='ocrx_word' id='word_1_5' title='bbox 589 614 734 699; x_wconf 84' lang='lat' dir='ltr'><strong>bipartito</strong></span> <span class='ocrx_word' id='word_1_6' title='bbox 747 618 853 687; x_wconf 77' lang='lat' dir='ltr'><strong>divisis</strong></span> <span class='ocrx_word' id='word_1_7' title='bbox 866 626 978 710; x_wconf 85' lang='lat' dir='ltr'><strong>copiis,</strong></span> <span class='ocrx_word' id='word_1_8' title='bbox 990 633 1038 696; x_wconf 64' lang='lat' dir='ltr'><strong>let·</strong></span> 
     </span>
     <span class='ocr_line' id='line_1_2' title="bbox 17 700 1036 804; baseline 0.026 -45"><span class='ocrx_word' id='word_1_9' title='bbox 17 706 19 773; x_wconf 57' lang='lat' dir='ltr'><strong>q</strong></span> <span class='ocrx_word' id='word_1_10' title='bbox 83 700 127 761; x_wconf 82' lang='lat' dir='ltr'><strong>vis</strong></span> <span class='ocrx_word' id='word_1_11' title='bbox 141 717 310 766; x_wconf 86' lang='lat' dir='ltr'><strong>armaturae</strong></span> <span class='ocrx_word' id='word_1_12' title='bbox 332 703 450 785; x_wconf 83' lang='lat' dir='ltr'><strong>equites</strong></span> <span class='ocrx_word' id='word_1_13' title='bbox 470 704 567 787; x_wconf 88' lang='lat' dir='ltr'><strong>planis</strong></span> <span class='ocrx_word' id='word_1_14' title='bbox 584 708 743 775; x_wconf 77' lang='lat' dir='ltr'>itineribus</span> <span class='ocrx_word' id='word_1_15' title='bbox 758 714 797 776; x_wconf 89' lang='lat' dir='ltr'><strong>ad</strong></span> <span class='ocrx_word' id='word_1_16' title='bbox 820 718 925 783; x_wconf 74' lang='lat' dir='ltr'><strong>umen</strong></span> <span class='ocrx_word' id='word_1_17' title='bbox 944 742 1036 804; x_wconf 84' lang='lat' dir='ltr'><strong>prae-</strong></span> 
     </span>
     <span class='ocr_line' id='line_1_3' title="bbox 17 796 1035 887; baseline 0.028 -33"><span class='ocrx_word' id='word_1_18' title='bbox 17 830 19 867; x_wconf 36' lang='lat' dir='ltr'><strong>p</strong></span> <span class='ocrx_word' id='word_1_19' title='bbox 83 796 184 857; x_wconf 84' lang='lat' dir='ltr'><strong>mittit:</strong></span> <span class='ocrx_word' id='word_1_20' title='bbox 204 796 271 878; x_wconf 82' lang='lat' dir='ltr'><strong>ipse</strong></span> <span class='ocrx_word' id='word_1_21' title='bbox 292 812 362 858; x_wconf 89' lang='lat' dir='ltr'><strong>cnm</strong></span> <span class='ocrx_word' id='word_1_22' title='bbox 376 796 494 879; x_wconf 84' lang='lat' dir='ltr'><strong>reliquo</strong></span> <span class='ocrx_word' id='word_1_23' title='bbox 511 802 645 866; x_wconf 79' lang='lat' dir='ltr'><strong>exercitu</strong></span> <span class='ocrx_word' id='word_1_24' title='bbox 663 818 720 887; x_wconf 86' lang='lat' dir='ltr'><strong>per</strong></span> <span class='ocrx_word' id='word_1_25' title='bbox 735 806 804 871; x_wconf 84' lang='lat' dir='ltr'><strong>loca</strong></span> <span class='ocrx_word' id='word_1_26' title='bbox 818 810 903 875; x_wconf 80' lang='lat' dir='ltr'><strong>silvis</strong></span> <span class='ocrx_word' id='word_1_27' title='bbox 914 820 1035 881; x_wconf 83' lang='lat' dir='ltr'><strong>monti·</strong></span> 
     </span>
     <span class='ocr_line' id='line_1_4' title="bbox 17 890 1031 985; baseline 0.024 -35"><span class='ocrx_word' id='word_1_28' title='bbox 17 890 18 911; x_wconf 79' lang='lat'>³</span> <span class='ocrx_word' id='word_1_29' title='bbox 82 890 192 973; x_wconf 86' lang='lat' dir='ltr'><strong>busque</strong></span> <span class='ocrx_word' id='word_1_30' title='bbox 211 890 355 972; x_wconf 84' lang='lat' dir='ltr'><strong>impedita</strong></span> <span class='ocrx_word' id='word_1_31' title='bbox 371 890 409 952; x_wconf 82' lang='lat' dir='ltr'><strong>ad</strong></span> <span class='ocrx_word' id='word_1_32' title='bbox 427 892 586 957; x_wconf 83' lang='lat' dir='ltr'><strong>editiorem</strong></span> <span class='ocrx_word' id='word_1_33' title='bbox 608 900 711 981; x_wconf 82' lang='lat' dir='ltr'>oppidi</span> <span class='ocrx_word' id='word_1_34' title='bbox 729 918 845 985; x_wconf 86' lang='lat' dir='ltr'><strong>partem</strong></span> <span class='ocrx_word' id='word_1_35' title='bbox 865 912 1031 976; x_wconf 74' lang='lat' dir='ltr'><strong>contendit.</strong></span> 
     </span>
     <span class='ocr_line' id='line_1_5' title="bbox 17 980 1033 1071; baseline 0.025 -29"><span class='ocrx_word' id='word_1_36' title='bbox 17 1034 18 1071; x_wconf 32' lang='lat' dir='ltr'><strong>q</strong></span> <span class='ocrx_word' id='word_1_37' title='bbox 81 980 170 1046; x_wconf 85' lang='lat' dir='ltr'><strong>Cuius</strong></span> <span class='ocrx_word' id='word_1_38' title='bbox 186 984 230 1046; x_wconf 87' lang='lat' dir='ltr'><strong>rei</strong></span> <span class='ocrx_word' id='word_1_39' title='bbox 247 983 358 1045; x_wconf 89' lang='lat' dir='ltr'><strong>nuntio</strong></span> <span class='ocrx_word' id='word_1_40' title='bbox 381 984 564 1049; x_wconf 77' lang='lat' dir='ltr'><strong>Laurentum</strong></span> <span class='ocrx_word' id='word_1_41' title='bbox 587 990 704 1071; x_wconf 83' lang='lat' dir='ltr'><strong>perlato</strong></span> <span class='ocrx_word' id='word_1_42' title='bbox 720 993 879 1060; x_wconf 87' lang='lat' dir='ltr'><strong>consilium</strong></span> <span class='ocrx_word' id='word_1_43' title='bbox 905 1000 1033 1065; x_wconf 85' lang='lat' dir='ltr'><strong>dimitti·</strong></span> 
     </span>
     <span class='ocr_line' id='line_1_6' title="bbox 17 1074 1032 1177; baseline 0.024 -40"><span class='ocrx_word' id='word_1_44' title='bbox 17 1076 19 1151; x_wconf 77' lang='lat'>1</span> <span class='ocrx_word' id='word_1_45' title='bbox 63 1074 64 1079; x_wconf 73' lang='grc'>’</span> <span class='ocrx_word' id='word_1_46' title='bbox 82 1090 139 1139; x_wconf 86' lang='lat' dir='ltr'><strong>tur:</strong></span> <span class='ocrx_word' id='word_1_47' title='bbox 164 1086 433 1160; x_wconf 72' lang='lat' dir='ltr'><strong>pamnturqueea,</strong></span> <span class='ocrx_word' id='word_1_48' title='bbox 451 1094 530 1161; x_wconf 86' lang='lat' dir='ltr'><strong>quae</strong></span> <span class='ocrx_word' id='word_1_49' title='bbox 544 1082 582 1143; x_wconf 93' lang='lat' dir='ltr'><strong>ad</strong></span> <span class='ocrx_word' id='word_1_50' title='bbox 602 1083 682 1147; x_wconf 88' lang='lat' dir='ltr'><strong>urbis</strong></span> <span class='ocrx_word' id='word_1_51' title='bbox 697 1086 902 1155; x_wconf 79' lang='lat' dir='ltr'><strong>defensionem</strong></span> <span class='ocrx_word' id='word_1_52' title='bbox 918 1108 1032 1177; x_wconf 86' lang='lat' dir='ltr'><strong>putan-</strong></span> 
     </span>
     <span class='ocr_line' id='line_1_7' title="bbox 17 1167 1031 1266; baseline 0.023 -41"><span class='ocrx_word' id='word_1_53' title='bbox 17 1184 18 1247; x_wconf 51' lang='grc' dir='ltr'>ᾖ</span> <span class='ocrx_word' id='word_1_54' title='bbox 82 1178 128 1227; x_wconf 88' lang='lat' dir='ltr'><strong>tur</strong></span> <span class='ocrx_word' id='word_1_55' title='bbox 145 1167 424 1250; x_wconf 78' lang='lat' dir='ltr'><strong>pertinere-485.</strong></span> <span class='ocrx_word' id='word_1_56' title='bbox 447 1168 589 1247; x_wconf 81' lang='lat' dir='ltr'><strong>Tumnn,</strong></span> <span class='ocrx_word' id='word_1_57' title='bbox 610 1177 735 1257; x_wconf 82' lang='lat' dir='ltr'><strong>cognito</strong></span> <span class='ocrx_word' id='word_1_58' title='bbox 750 1197 804 1260; x_wconf 87' lang='lat' dir='ltr'><strong>pet</strong></span> <span class='ocrx_word' id='word_1_59' title='bbox 822 1183 1031 1266; x_wconf 74' lang='lat' dir='ltr'><strong>exploratores</strong></span> 
     </span>
     <span class='ocr_line' id='line_1_8' title="bbox 17 1262 1031 1360; baseline 0.02 -35"><span class='ocrx_word' id='word_1_60' title='bbox 17 1276 18 1347; x_wconf 58' lang='lat'>3</span> <span class='ocrx_word' id='word_1_61' title='bbox 82 1264 197 1326; x_wconf 76' lang='lat' dir='ltr'><strong>Aeneae</strong></span> <span class='ocrx_word' id='word_1_62' title='bbox 218 1262 364 1339; x_wconf 84' lang='lat' dir='ltr'><strong>consilio,</strong></span> <span class='ocrx_word' id='word_1_63' title='bbox 378 1262 514 1331; x_wconf 83' lang='lat' dir='ltr'>bifariam</span> <span class='ocrx_word' id='word_1_64' title='bbox 536 1283 569 1330; x_wconf 91' lang='lat' dir='ltr'><strong>et</strong></span> <span class='ocrx_word' id='word_1_65' title='bbox 587 1269 745 1351; x_wconf 75' lang='lat' dir='ltr'><strong>ipsesuas</strong></span> <span class='ocrx_word' id='word_1_66' title='bbox 768 1277 871 1358; x_wconf 81' lang='lat' dir='ltr'><strong>copias</strong></span> <span class='ocrx_word' id='word_1_67' title='bbox 881 1282 1031 1360; x_wconf 80' lang='lat' dir='ltr'><strong>partitur:</strong></span> 
     </span>
     <span class='ocr_line' id='line_1_9' title="bbox 17 1354 1031 1453; baseline 0.017 -38"><span class='ocrx_word' id='word_1_68' title='bbox 17 1378 18 1439; x_wconf 75' lang='lat' dir='ltr'>j</span> <span class='ocrx_word' id='word_1_69' title='bbox 82 1354 222 1433; x_wconf 85' lang='lat' dir='ltr'><strong>equitibus</strong></span> <span class='ocrx_word' id='word_1_70' title='bbox 241 1356 414 1437; x_wconf 81' lang='lat' dir='ltr'><strong>Messapum</strong></span> <span class='ocrx_word' id='word_1_71' title='bbox 431 1374 464 1420; x_wconf 88' lang='lat' dir='ltr'><strong>et</strong></span> <span class='ocrx_word' id='word_1_72' title='bbox 483 1357 640 1423; x_wconf 83' lang='lat' dir='ltr'><strong>Camillam</strong></span> <span class='ocrx_word' id='word_1_73' title='bbox 661 1363 815 1447; x_wconf 81' lang='lat' dir='ltr'><strong>praeficit,</strong></span> <span class='ocrx_word' id='word_1_74' title='bbox 837 1385 954 1453; x_wconf 81' lang='lat' dir='ltr'><strong>eosque</strong></span> <span class='ocrx_word' id='word_1_75' title='bbox 968 1376 1031 1438; x_wconf 78' lang='lat' dir='ltr'><strong>lto-</strong></span> 
     </span>
     <span class='ocr_line' id='line_1_10' title="bbox 17 1448 1027 1545; baseline 0.025 -39"><span class='ocrx_word' id='word_1_76' title='bbox 17 1452 18 1459; x_wconf 77' lang='grc'>’</span> <span class='ocrx_word' id='word_1_77' title='bbox 83 1448 164 1509; x_wconf 88' lang='lat' dir='ltr'><strong>stium</strong></span> <span class='ocrx_word' id='word_1_78' title='bbox 179 1449 332 1530; x_wconf 85' lang='lat' dir='ltr'><strong>equitibus</strong></span> <span class='ocrx_word' id='word_1_79' title='bbox 350 1450 480 1531; x_wconf 93' lang='lat' dir='ltr'><strong>opponit</strong></span> <span class='ocrx_word' id='word_1_80' title='bbox 486 1470 497 1528; x_wconf 80' lang='lat'>3</span> <span class='ocrx_word' id='word_1_81' title='bbox 517 1453 583 1535; x_wconf 87' lang='lat' dir='ltr'><strong>ipse</strong></span> <span class='ocrx_word' id='word_1_82' title='bbox 598 1472 669 1519; x_wconf 89' lang='lat' dir='ltr'><strong>cum</strong></span> <span class='ocrx_word' id='word_1_83' title='bbox 685 1458 838 1542; x_wconf 79' lang='lat' dir='ltr'><strong>peditibus</strong></span> <span class='ocrx_word' id='word_1_84' title='bbox 855 1466 1027 1545; x_wconf 83' lang='lat' dir='ltr'><strong>angustias,</strong></span> 
     </span>
     <span class='ocr_line' id='line_1_11' title="bbox 81 1540 1029 1628; baseline 0.023 -27"><span class='ocrx_word' id='word_1_85' title='bbox 81 1556 134 1621; x_wconf 89' lang='lat' dir='ltr'><strong>qua</strong></span> <span class='ocrx_word' id='word_1_86' title='bbox 143 1542 311 1604; x_wconf 88' lang='lat' dir='ltr'><strong>necessario</strong></span> <span class='ocrx_word' id='word_1_87' title='bbox 329 1540 505 1605; x_wconf 82' lang='lat' dir='ltr'><strong>Aeneaead</strong></span> <span class='ocrx_word' id='word_1_88' title='bbox 519 1546 625 1609; x_wconf 86' lang='lat' dir='ltr'><strong>urbem</strong></span> <span class='ocrx_word' id='word_1_89' title='bbox 642 1548 702 1613; x_wconf 86' lang='lat' dir='ltr'><strong>iter</strong></span> <span class='ocrx_word' id='word_1_90' title='bbox 719 1564 803 1628; x_wconf 86' lang='lat' dir='ltr'><strong>etat,</strong></span> <span class='ocrx_word' id='word_1_91' title='bbox 818 1552 955 1621; x_wconf 75' lang='lat' dir='ltr'><strong>brevioti</strong></span> <span class='ocrx_word' id='word_1_92' title='bbox 972 1560 1029 1623; x_wconf 89' lang='lat' dir='ltr'><strong>lti-</strong></span> 
     </span>
     <span class='ocr_line' id='line_1_12' title="bbox 17 1637 1027 1732; baseline 0.027 -39"><span class='ocrx_word' id='word_1_93' title='bbox 17 1638 18 1643; x_wconf 77' lang='grc'>’</span> <span class='ocrx_word' id='word_1_94' title='bbox 82 1648 146 1695; x_wconf 84' lang='lat' dir='ltr'><strong>nere</strong></span> <span class='ocrx_word' id='word_1_95' title='bbox 153 1652 284 1719; x_wconf 89' lang='lat' dir='ltr'><strong>occupat</strong></span> <span class='ocrx_word' id='word_1_96' title='bbox 297 1679 307 1710; x_wconf 94' lang='lat'>,</span> <span class='ocrx_word' id='word_1_97' title='bbox 324 1644 417 1719; x_wconf 76' lang='lat' dir='ltr'><strong>atque</strong></span> <span class='ocrx_word' id='word_1_98' title='bbox 428 1637 469 1699; x_wconf 85' lang='lat' dir='ltr'><strong>ibi</strong></span> <span class='ocrx_word' id='word_1_99' title='bbox 482 1638 515 1701; x_wconf 90' lang='lat' dir='ltr'><strong>in</strong></span> <span class='ocrx_word' id='word_1_100' title='bbox 527 1638 642 1705; x_wconf 83' lang='lat' dir='ltr'><strong>insidiis</strong></span> <span class='ocrx_word' id='word_1_101' title='bbox 650 1642 914 1732; x_wconf 38' lang='lat' dir='ltr'><strong>subsistit-253¹.</strong></span> <span class='ocrx_word' id='word_1_102' title='bbox 926 1650 1027 1720; x_wconf 83' lang='lat' dir='ltr'><strong>intet-</strong></span> 
     </span>
     <span class='ocr_line' id='line_1_13' title="bbox 17 1726 1027 1826; baseline 0.021 -40"><span class='ocrx_word' id='word_1_103' title='bbox 17 1770 18 1777; x_wconf 35' lang='lat' dir='ltr'><strong>t</strong></span> <span class='ocrx_word' id='word_1_104' title='bbox 80 1726 190 1809; x_wconf 89' lang='lat' dir='ltr'><strong>ponitur</strong></span> <span class='ocrx_word' id='word_1_105' title='bbox 209 1728 377 1809; x_wconf 82' lang='lat' dir='ltr'><strong>episodium</strong></span> <span class='ocrx_word' id='word_1_106' title='bbox 397 1730 436 1791; x_wconf 93' lang='lat' dir='ltr'><strong>de</strong></span> <span class='ocrx_word' id='word_1_107' title='bbox 452 1728 576 1819; x_wconf 83' lang='lat' dir='ltr'><strong>Cantila</strong></span> <span class='ocrx_word' id='word_1_108' title='bbox 593 1764 642 1783; x_wconf 81' lang='lat'>-</span> <span class='ocrx_word' id='word_1_109' title='bbox 653 1735 720 1817; x_wconf 79' lang='lat'><strong>59⁶·</strong></span> <span class='ocrx_word' id='word_1_110' title='bbox 744 1736 869 1804; x_wconf 79' lang='lat' dir='ltr'><strong>Interim</strong></span> <span class='ocrx_word' id='word_1_111' title='bbox 885 1760 1027 1826; x_wconf 69' lang='lat' dir='ltr'><strong>equettoe</strong></span> 
     </span>
     <span class='ocr_line' id='line_1_14' title="bbox 17 1820 1025 1928; baseline 0.028 -48"><span class='ocrx_word' id='word_1_112' title='bbox 17 1892 18 1903; x_wconf 9' lang='grc' dir='ltr'>ἵ</span> <span class='ocrx_word' id='word_1_113' title='bbox 79 1820 446 1903; x_wconf 81' lang='lat' dir='ltr'><strong>prodimncomrnittitut,</strong></span> <span class='ocrx_word' id='word_1_114' title='bbox 461 1824 1025 1928; x_wconf 80' lang='lat' dir='ltr'><strong>diuquedubioutnnqueevmtupu·</strong></span> 
     </span>
     <span class='ocr_line' id='line_1_15' title="bbox 78 1914 1024 2003; baseline 0.029 -29"><span class='ocrx_word' id='word_1_115' title='bbox 78 1915 307 1995; x_wconf 78' lang='lat' dir='ltr'><strong>gnatus-647.</strong></span> <span class='ocrx_word' id='word_1_116' title='bbox 333 1917 381 1979; x_wconf 88' lang='lat' dir='ltr'><strong>Ibi</strong></span> <span class='ocrx_word' id='word_1_117' title='bbox 394 1914 536 1993; x_wconf 87' lang='lat' dir='ltr'><strong>Camilla,</strong></span> <span class='ocrx_word' id='word_1_118' title='bbox 557 1938 664 2003; x_wconf 79' lang='lat' dir='ltr'><strong>magna</strong></span> <span class='ocrx_word' id='word_1_119' title='bbox 683 1926 768 2003; x_wconf 88' lang='lat' dir='ltr'><strong>prius</strong></span> <span class='ocrx_word' id='word_1_120' title='bbox 787 1928 869 1993; x_wconf 85' lang='lat' dir='ltr'><strong>edita</strong></span> <span class='ocrx_word' id='word_1_121' title='bbox 889 1933 1024 2001; x_wconf 79' lang='lat' dir='ltr'><strong>hosdem</strong></span> 
     </span>
     <span class='ocr_line' id='line_1_16' title="bbox 77 2009 1023 2103; baseline 0.02 -35"><span class='ocrx_word' id='word_1_122' title='bbox 77 2025 182 2093; x_wconf 78' lang='lat' dir='ltr'><strong>strage,</strong></span> <span class='ocrx_word' id='word_1_123' title='bbox 201 2012 274 2073; x_wconf 88' lang='lat' dir='ltr'><strong>dnm</strong></span> <span class='ocrx_word' id='word_1_124' title='bbox 292 2010 475 2086; x_wconf 82' lang='lat' dir='ltr'><strong>Chloreum,</strong></span> <span class='ocrx_word' id='word_1_125' title='bbox 491 2009 624 2092; x_wconf 73' lang='lat' dir='ltr'><strong>Cybeles</strong></span> <span class='ocrx_word' id='word_1_126' title='bbox 639 2018 850 2103; x_wconf 78' lang='lat' dir='ltr'><strong>sacerdotem,</strong></span> <span class='ocrx_word' id='word_1_127' title='bbox 868 2042 1023 2093; x_wconf 86' lang='lat' dir='ltr'><strong>armornm</strong></span> 
     </span>
     <span class='ocr_line' id='line_1_17' title="bbox 17 2105 1023 2194; baseline 0.028 -33"><span class='ocrx_word' id='word_1_128' title='bbox 17 2158 18 2161; x_wconf 74' lang='grc'>,</span> <span class='ocrx_word' id='word_1_129' title='bbox 76 2105 133 2167; x_wconf 91' lang='lat' dir='ltr'><strong>eius</strong></span> <span class='ocrx_word' id='word_1_130' title='bbox 149 2105 370 2189; x_wconf 86' lang='lat' dir='ltr'><strong>pulchritudine</strong></span> <span class='ocrx_word' id='word_1_131' title='bbox 384 2120 491 2188; x_wconf 84' lang='lat' dir='ltr'><strong>capta,</strong></span> <span class='ocrx_word' id='word_1_132' title='bbox 504 2106 656 2171; x_wconf 83' lang='lat' dir='ltr'><strong>incautius</strong></span> <span class='ocrx_word' id='word_1_133' title='bbox 678 2111 833 2194; x_wconf 88' lang='lat' dir='ltr'><strong>sequitur,</strong></span> <span class='ocrx_word' id='word_1_134' title='bbox 850 2135 889 2181; x_wconf 83' lang='lat' dir='ltr'><strong>ea</strong></span> <span class='ocrx_word' id='word_1_135' title='bbox 905 2118 1023 2189; x_wconf 79' lang='lat' dir='ltr'><strong>insidiis</strong></span> 
     </span>
     <span class='ocr_line' id='line_1_18' title="bbox 17 2194 1024 2309; baseline 0.02 -53"><span class='ocrx_word' id='word_1_136' title='bbox 17 2230 19 2309; x_wconf 54' lang='lat' dir='ltr'><strong>q</strong></span> <span class='ocrx_word' id='word_1_137' title='bbox 71 2194 108 2256; x_wconf 86' lang='lat' dir='ltr'><strong>ab</strong></span> <span class='ocrx_word' id='word_1_138' title='bbox 120 2199 235 2261; x_wconf 84' lang='lat' dir='ltr'><strong>Arunte</strong></span> <span class='ocrx_word' id='word_1_139' title='bbox 253 2198 341 2259; x_wconf 85' lang='lat' dir='ltr'><strong>hasta</strong></span> <span class='ocrx_word' id='word_1_140' title='bbox 359 2198 504 2265; x_wconf 85' lang='lat' dir='ltr'><strong>traiicitur</strong></span> <span class='ocrx_word' id='word_1_141' title='bbox 518 2230 560 2247; x_wconf 91' lang='lat'><strong>·-</strong></span> <span class='ocrx_word' id='word_1_142' title='bbox 575 2197 644 2281; x_wconf 70' lang='lat'><strong>835.</strong></span> <span class='ocrx_word' id='word_1_143' title='bbox 675 2200 779 2283; x_wconf 88' lang='lat' dir='ltr'><strong>Quam</strong></span> <span class='ocrx_word' id='word_1_144' title='bbox 797 2221 901 2271; x_wconf 84' lang='lat' dir='ltr'><strong>tamen</strong></span> <span class='ocrx_word' id='word_1_145' title='bbox 916 2202 1024 2279; x_wconf 78' lang='lat' dir='ltr'><strong>sacrae</strong></span> 
     </span>
     <span class='ocr_line' id='line_1_19' title="bbox 17 2288 1023 2388; baseline 0.021 -40"><span class='ocrx_word' id='word_1_146' title='bbox 17 2310 19 2367; x_wconf 62' lang='lat' dir='ltr'><strong>q</strong></span> <span class='ocrx_word' id='word_1_147' title='bbox 73 2288 189 2370; x_wconf 79' lang='lat' dir='ltr'><strong>virginis</strong></span> <span class='ocrx_word' id='word_1_148' title='bbox 199 2288 323 2381; x_wconf 76' lang='lat' dir='ltr'><strong>caedem</strong></span> <span class='ocrx_word' id='word_1_149' title='bbox 333 2288 437 2351; x_wconf 79' lang='lat' dir='ltr'><strong>Aruns</strong></span> <span class='ocrx_word' id='word_1_150' title='bbox 454 2306 517 2350; x_wconf 92' lang='lat' dir='ltr'><strong>non</strong></span> <span class='ocrx_word' id='word_1_151' title='bbox 531 2290 582 2353; x_wconf 92' lang='lat' dir='ltr'><strong>diu</strong></span> <span class='ocrx_word' id='word_1_152' title='bbox 593 2290 661 2353; x_wconf 85' lang='lat' dir='ltr'><strong>t&#39;ulit</strong></span> <span class='ocrx_word' id='word_1_153' title='bbox 676 2293 816 2357; x_wconf 84' lang='lat' dir='ltr'><strong>inultam:</strong></span> <span class='ocrx_word' id='word_1_154' title='bbox 832 2316 902 2363; x_wconf 88' lang='lat' dir='ltr'><strong>nam</strong></span> <span class='ocrx_word' id='word_1_155' title='bbox 915 2305 1023 2388; x_wconf 85' lang='lat' dir='ltr'><strong>etipse</strong></span> 
     </span>
     <span class='ocr_line' id='line_1_20' title="bbox 17 2382 1023 2475; baseline 0.014 -30"><span class='ocrx_word' id='word_1_156' title='bbox 17 2390 18 2433; x_wconf 74' lang='grc' dir='ltr'><strong>ἓ</strong></span> <span class='ocrx_word' id='word_1_157' title='bbox 74 2382 157 2465; x_wconf 88' lang='lat' dir='ltr'><strong>paulo</strong></span> <span class='ocrx_word' id='word_1_158' title='bbox 175 2404 245 2469; x_wconf 92' lang='lat' dir='ltr'><strong>post</strong></span> <span class='ocrx_word' id='word_1_159' title='bbox 261 2382 300 2447; x_wconf 83' lang='lat' dir='ltr'><strong>ab</strong></span> <span class='ocrx_word' id='word_1_160' title='bbox 320 2384 404 2468; x_wconf 91' lang='lat' dir='ltr'><strong>Opi,</strong></span> <span class='ocrx_word' id='word_1_161' title='bbox 427 2384 546 2448; x_wconf 81' lang='lat' dir='ltr'><strong>Dianae</strong></span> <span class='ocrx_word' id='word_1_162' title='bbox 568 2387 723 2464; x_wconf 80' lang='lat' dir='ltr'><strong>ministra,</strong></span> <span class='ocrx_word' id='word_1_163' title='bbox 745 2393 855 2475; x_wconf 82' lang='lat' dir='ltr'><strong>sagitta</strong></span> <span class='ocrx_word' id='word_1_164' title='bbox 876 2398 1023 2467; x_wconf 73' lang='lat' dir='ltr'><strong>traiectus</strong></span> 
     </span>
     <span class='ocr_line' id='line_1_21' title="bbox 74 2474 1021 2577; baseline 0.017 -38"><span class='ocrx_word' id='word_1_165' title='bbox 74 2474 174 2541; x_wconf 87' lang='lat' dir='ltr'><strong>offensi</strong></span> <span class='ocrx_word' id='word_1_166' title='bbox 191 2477 322 2541; x_wconf 83' lang='lat' dir='ltr'><strong>numinis</strong></span> <span class='ocrx_word' id='word_1_167' title='bbox 342 2496 456 2561; x_wconf 85' lang='lat' dir='ltr'><strong>poenas</strong></span> <span class='ocrx_word' id='word_1_168' title='bbox 473 2479 674 2577; x_wconf 70' lang='lat' dir='ltr'><strong>percoluit-⁵·</strong></span> <span class='ocrx_word' id='word_1_169' title='bbox 685 2478 757 2561; x_wconf 70' lang='lat'><strong>067.</strong></span> <span class='ocrx_word' id='word_1_170' title='bbox 778 2481 924 2551; x_wconf 79' lang='lat' dir='ltr'><strong>Camillae</strong></span> <span class='ocrx_word' id='word_1_171' title='bbox 943 2510 1021 2559; x_wconf 81' lang='lat' dir='ltr'><strong>nece</strong></span> 
     </span>
     <span class='ocr_line' id='line_1_22' title="bbox 73 2571 1021 2670; baseline 0.017 -37"><span class='ocrx_word' id='word_1_172' title='bbox 73 2574 250 2636; x_wconf 81' lang='lat' dir='ltr'><strong>consternati</strong></span> <span class='ocrx_word' id='word_1_173' title='bbox 267 2572 375 2635; x_wconf 84' lang='lat' dir='ltr'><strong>Rutuli</strong></span> <span class='ocrx_word' id='word_1_174' title='bbox 395 2571 497 2655; x_wconf 83' lang='lat' dir='ltr'><strong>fugam</strong></span> <span class='ocrx_word' id='word_1_175' title='bbox 521 2572 688 2657; x_wconf 84' lang='lat' dir='ltr'><strong>arripiunt:</strong></span> <span class='ocrx_word' id='word_1_176' title='bbox 717 2576 844 2643; x_wconf 81' lang='lat' dir='ltr'><strong>Troiani</strong></span> <span class='ocrx_word' id='word_1_177' title='bbox 859 2582 943 2647; x_wconf 82' lang='lat' dir='ltr'><strong>utitis</strong></span> <span class='ocrx_word' id='word_1_178' title='bbox 962 2603 1021 2670; x_wconf 90' lang='lat' dir='ltr'><strong>op·</strong></span> 
     </span>
     <span class='ocr_line' id='line_1_23' title="bbox 74 2666 1019 2753; baseline 0.019 -26"><span class='ocrx_word' id='word_1_179' title='bbox 74 2669 279 2753; x_wconf 79' lang='lat' dir='ltr'><strong>pugnationem</strong></span> <span class='ocrx_word' id='word_1_180' title='bbox 295 2682 403 2751; x_wconf 84' lang='lat' dir='ltr'><strong>parant</strong></span> <span class='ocrx_word' id='word_1_181' title='bbox 420 2698 461 2717; x_wconf 88' lang='lat'><strong>·-</strong></span> <span class='ocrx_word' id='word_1_182' title='bbox 479 2666 549 2750; x_wconf 79' lang='lat'>895.</span> <span class='ocrx_word' id='word_1_183' title='bbox 574 2668 841 2739; x_wconf 86' lang='lat' dir='ltr'><strong>Eiuscalamitatis</strong></span> <span class='ocrx_word' id='word_1_184' title='bbox 853 2679 963 2744; x_wconf 91' lang='lat' dir='ltr'><strong>nuntio</strong></span> <span class='ocrx_word' id='word_1_185' title='bbox 978 2681 1019 2745; x_wconf 78' lang='lat' dir='ltr'><strong>ab</strong></span> 
     </span>
     <span class='ocr_line' id='line_1_24' title="bbox 73 2760 1019 2857; baseline 0.017 -34"><span class='ocrx_word' id='word_1_186' title='bbox 73 2764 166 2837; x_wconf 79' lang='lat' dir='ltr'><strong>Acca,</strong></span> <span class='ocrx_word' id='word_1_187' title='bbox 177 2760 321 2825; x_wconf 85' lang='lat' dir='ltr'><strong>Camillae</strong></span> <span class='ocrx_word' id='word_1_188' title='bbox 332 2762 463 2839; x_wconf 86' lang='lat' dir='ltr'><strong>comite,</strong></span> <span class='ocrx_word' id='word_1_189' title='bbox 478 2763 514 2824; x_wconf 90' lang='lat' dir='ltr'><strong>ad</strong></span> <span class='ocrx_word' id='word_1_190' title='bbox 522 2761 659 2827; x_wconf 86' lang='lat' dir='ltr'><strong>Turnum</strong></span> <span class='ocrx_word' id='word_1_191' title='bbox 671 2767 808 2849; x_wconf 88' lang='lat' dir='ltr'><strong>perlato,</strong></span> <span class='ocrx_word' id='word_1_192' title='bbox 817 2770 929 2835; x_wconf 83' lang='lat' dir='ltr'><strong>relictis</strong></span> <span class='ocrx_word' id='word_1_193' title='bbox 943 2793 1019 2857; x_wconf 83' lang='lat' dir='ltr'><strong>quas</strong></span> 
     </span>
     <span class='ocr_line' id='line_1_25' title="bbox 73 2855 1155 2954; baseline 0.016 -37"><span class='ocrx_word' id='word_1_194' title='bbox 73 2856 222 2920; x_wconf 83' lang='lat' dir='ltr'><strong>obsederat</strong></span> <span class='ocrx_word' id='word_1_195' title='bbox 238 2855 400 2939; x_wconf 82' lang='lat' dir='ltr'><strong>angustiis,</strong></span> <span class='ocrx_word' id='word_1_196' title='bbox 414 2858 476 2919; x_wconf 88' lang='lat' dir='ltr'><strong>suis</strong></span> <span class='ocrx_word' id='word_1_197' title='bbox 494 2856 607 2923; x_wconf 73' lang='lat' dir='ltr'><strong>auxilio</strong></span> <span class='ocrx_word' id='word_1_198' title='bbox 618 2863 758 2925; x_wconf 87' lang='lat' dir='ltr'><strong>accurrit.</strong></span> <span class='ocrx_word' id='word_1_199' title='bbox 780 2862 894 2927; x_wconf 86' lang='lat' dir='ltr'><strong>Eodem</strong></span> <span class='ocrx_word' id='word_1_200' title='bbox 910 2867 1019 2931; x_wconf 83' lang='lat' dir='ltr'><strong>subse-</strong></span> <span class='ocrx_word' id='word_1_201' title='bbox 1146 2933 1155 2954; x_wconf 31' lang='lat' dir='ltr'>x</span> 
     </span>
     <span class='ocr_line' id='line_1_26' title="bbox 73 2950 1018 3043; baseline 0.016 -30"><span class='ocrx_word' id='word_1_202' title='bbox 73 2950 165 3032; x_wconf 86' lang='lat' dir='ltr'><strong>quitur</strong></span> <span class='ocrx_word' id='word_1_203' title='bbox 187 2967 219 3014; x_wconf 89' lang='lat' dir='ltr'><strong>et</strong></span> <span class='ocrx_word' id='word_1_204' title='bbox 238 2952 359 3014; x_wconf 76' lang='lat' dir='ltr'><strong>Aeneas</strong></span> <span class='ocrx_word' id='word_1_205' title='bbox 370 2968 455 3028; x_wconf 23' lang='lat' dir='ltr'><strong>3⁴et,</strong></span> <span class='ocrx_word' id='word_1_206' title='bbox 477 2952 620 3035; x_wconf 82' lang='lat' dir='ltr'><strong>quoniam</strong></span> <span class='ocrx_word' id='word_1_207' title='bbox 639 2954 817 3043; x_wconf 81' lang='lat' dir='ltr'><strong>imminente</strong></span> <span class='ocrx_word' id='word_1_208' title='bbox 839 2961 899 3022; x_wconf 86' lang='lat' dir='ltr'><strong>iam</strong></span> <span class='ocrx_word' id='word_1_209' title='bbox 925 2980 1018 3028; x_wconf 89' lang='lat' dir='ltr'><strong>nocte</strong></span> 
     </span>
     <span class='ocr_line' id='line_1_27' title="bbox 72 3046 1017 3135; baseline 0.014 -27"><span class='ocrx_word' id='word_1_210' title='bbox 72 3046 208 3125; x_wconf 87' lang='lat' dir='ltr'><strong>proelium</strong></span> <span class='ocrx_word' id='word_1_211' title='bbox 218 3046 368 3111; x_wconf 87' lang='lat' dir='ltr'><strong>committi</strong></span> <span class='ocrx_word' id='word_1_212' title='bbox 385 3064 449 3109; x_wconf 90' lang='lat' dir='ltr'><strong>non</strong></span> <span class='ocrx_word' id='word_1_213' title='bbox 465 3062 604 3131; x_wconf 89' lang='lat' dir='ltr'><strong>poterat,</strong></span> <span class='ocrx_word' id='word_1_214' title='bbox 621 3051 743 3133; x_wconf 91' lang='lat' dir='ltr'><strong>utrique</strong></span> <span class='ocrx_word' id='word_1_215' title='bbox 760 3053 864 3135; x_wconf 81' lang='lat' dir='ltr'><strong>positis</strong></span> <span class='ocrx_word' id='word_1_216' title='bbox 877 3072 948 3118; x_wconf 89' lang='lat' dir='ltr'><strong>ante</strong></span> <span class='ocrx_word' id='word_1_217' title='bbox 966 3076 1017 3120; x_wconf 86' lang='lat' dir='ltr'><strong>ur·</strong></span> 
     </span>
     <span class='ocr_line' id='line_1_28' title="bbox 72 3134 583 3221; baseline 0.008 -20"><span class='ocrx_word' id='word_1_218' title='bbox 72 3134 129 3202; x_wconf 83' lang='lat' dir='ltr'><strong>bem</strong></span> <span class='ocrx_word' id='word_1_219' title='bbox 146 3139 251 3203; x_wconf 88' lang='lat' dir='ltr'><strong>castris</strong></span> <span class='ocrx_word' id='word_1_220' title='bbox 264 3134 478 3205; x_wconf 82' lang='lat' dir='ltr'><strong>considunt·</strong></span> <span class='ocrx_word' id='word_1_221' title='bbox 488 3144 527 3203; x_wconf 83' lang='lat' dir='ltr'><strong>ad</strong></span> <span class='ocrx_word' id='word_1_222' title='bbox 530 3146 583 3221; x_wconf 80' lang='lat' dir='ltr'><strong>fin.</strong></span> 
     </span>
     <span class='ocr_line' id='line_1_29' title="bbox 100 3228 1112 3316; baseline 0.016 -25"><span class='ocrx_word' id='word_1_223' title='bbox 100 3228 245 3293; x_wconf 78' lang='lat' dir='ltr'><strong>hnxss.</strong></span> <span class='ocrx_word' id='word_1_224' title='bbox 267 3230 391 3295; x_wconf 76' lang='lat' dir='ltr'><strong>Attritis</strong></span> <span class='ocrx_word' id='word_1_225' title='bbox 403 3230 522 3296; x_wconf 80' lang='lat' dir='ltr'><strong>duobus</strong></span> <span class='ocrx_word' id='word_1_226' title='bbox 542 3232 678 3296; x_wconf 85' lang='lat' dir='ltr'><strong>adversis</strong></span> <span class='ocrx_word' id='word_1_227' title='bbox 697 3236 823 3316; x_wconf 81' lang='lat' dir='ltr'><strong>proeliis</strong></span> <span class='ocrx_word' id='word_1_228' title='bbox 838 3232 1014 3306; x_wconf 65' lang='lat' dir='ltr'><strong>ustorum</strong></span> <span class='ocrx_word' id='word_1_229' title='bbox 1107 3284 1112 3292; x_wconf 87' lang='lat'><em>-</em></span> 
     </span>
     <span class='ocr_line' id='line_1_30' title="bbox 72 3321 1123 3409; baseline 0.015 -26"><span class='ocrx_word' id='word_1_230' title='bbox 72 3321 192 3401; x_wconf 77' lang='lat' dir='ltr'><strong>viribus,</strong></span> <span class='ocrx_word' id='word_1_231' title='bbox 209 3324 379 3409; x_wconf 85' lang='lat' dir='ltr'><strong>animisque</strong></span> <span class='ocrx_word' id='word_1_232' title='bbox 399 3342 505 3389; x_wconf 87' lang='lat' dir='ltr'><strong>eorum</strong></span> <span class='ocrx_word' id='word_1_233' title='bbox 523 3324 643 3404; x_wconf 72' lang='lat' dir='ltr'><strong>fractis,</strong></span> <span class='ocrx_word' id='word_1_234' title='bbox 659 3327 801 3406; x_wconf 88' lang='lat' dir='ltr'><strong>Turnus,</strong></span> <span class='ocrx_word' id='word_1_235' title='bbox 823 3332 877 3395; x_wconf 78' lang='lat' dir='ltr'><strong>ulti</strong></span> <span class='ocrx_word' id='word_1_236' title='bbox 892 3350 1019 3398; x_wconf 85' lang='lat' dir='ltr'><strong>omnem</strong></span> <span class='ocrx_word' id='word_1_237' title='bbox 1118 3386 1123 3398; x_wconf 74' lang='grc'><em>,</em></span> 
     </span>
     <span class='ocr_line' id='line_1_31' title="bbox 73 3418 1017 3502; baseline 0.014 -25"><span class='ocrx_word' id='word_1_238' title='bbox 73 3434 139 3501; x_wconf 85' lang='lat' dir='ltr'><strong>spem</strong></span> <span class='ocrx_word' id='word_1_239' title='bbox 155 3436 242 3481; x_wconf 90' lang='lat' dir='ltr'><strong>suam</strong></span> <span class='ocrx_word' id='word_1_240' title='bbox 252 3420 284 3481; x_wconf 87' lang='lat' dir='ltr'><strong>in</strong></span> <span class='ocrx_word' id='word_1_241' title='bbox 294 3436 327 3481; x_wconf 86' lang='lat' dir='ltr'><strong>se</strong></span> <span class='ocrx_word' id='word_1_242' title='bbox 341 3420 409 3502; x_wconf 90' lang='lat' dir='ltr'><strong>ipso</strong></span> <span class='ocrx_word' id='word_1_243' title='bbox 418 3419 615 3495; x_wconf 86' lang='lat' dir='ltr'><strong>sitamvid‘et,</strong></span> <span class='ocrx_word' id='word_1_244' title='bbox 626 3418 741 3483; x_wconf 86' lang='lat' dir='ltr'><strong>frustra</strong></span> <span class='ocrx_word' id='word_1_245' title='bbox 751 3422 943 3498; x_wconf 73' lang='lat' dir='ltr'><strong>dissuadente</strong></span> <span class='ocrx_word' id='word_1_246' title='bbox 953 3426 1017 3490; x_wconf 86' lang='lat' dir='ltr'><strong>La·</strong></span> 
     </span>
     <span class='ocr_line' id='line_1_32' title="bbox 72 3510 1017 3600; baseline 0.016 -30"><span class='ocrx_word' id='word_1_247' title='bbox 72 3510 142 3587; x_wconf 87' lang='lat' dir='ltr'><strong>tito,</strong></span> <span class='ocrx_word' id='word_1_248' title='bbox 157 3512 322 3595; x_wconf 83' lang='lat' dir='ltr'><strong>reginaque</strong></span> <span class='ocrx_word' id='word_1_249' title='bbox 335 3510 436 3575; x_wconf 88' lang='lat' dir='ltr'><strong>multis</strong></span> <span class='ocrx_word' id='word_1_250' title='bbox 446 3527 513 3575; x_wconf 87' lang='lat' dir='ltr'><strong>eum</strong></span> <span class='ocrx_word' id='word_1_251' title='bbox 526 3532 596 3575; x_wconf 89' lang='lat' dir='ltr'><strong>cum</strong></span> <span class='ocrx_word' id='word_1_252' title='bbox 609 3512 737 3577; x_wconf 84' lang='lat' dir='ltr'><strong>lacrimis</strong></span> <span class='ocrx_word' id='word_1_253' title='bbox 747 3516 952 3600; x_wconf 84' lang='lat' dir='ltr'><strong>nequidquam</strong></span> <span class='ocrx_word' id='word_1_254' title='bbox 964 3540 1017 3585; x_wconf 87' lang='lat' dir='ltr'><strong>te·</strong></span> 
     </span>
     <span class='ocr_line' id='line_1_33' title="bbox 17 3596 1011 3687; baseline 0.023 -31"><span class='ocrx_word' id='word_1_255' title='bbox 17 3640 18 3651; x_wconf 47' lang='lat' dir='ltr'><strong>t</strong></span> <span class='ocrx_word' id='word_1_256' title='bbox 72 3596 186 3679; x_wconf 89' lang='lat' dir='ltr'><strong>tinente,</strong></span> <span class='ocrx_word' id='word_1_257' title='bbox 198 3596 343 3687; x_wconf 82' lang='lat' dir='ltr'><strong>singulari</strong></span> <span class='ocrx_word' id='word_1_258' title='bbox 349 3607 514 3669; x_wconf 81' lang='lat' dir='ltr'><strong>certamine</strong></span> <span class='ocrx_word' id='word_1_259' title='bbox 527 3622 598 3669; x_wconf 84' lang='lat' dir='ltr'><strong>cum</strong></span> <span class='ocrx_word' id='word_1_260' title='bbox 613 3608 721 3671; x_wconf 84' lang='lat' dir='ltr'><strong>Aenea</strong></span> <span class='ocrx_word' id='word_1_261' title='bbox 732 3609 876 3673; x_wconf 86' lang='lat' dir='ltr'><strong>dimicare</strong></span> <span class='ocrx_word' id='word_1_262' title='bbox 892 3616 1011 3679; x_wconf 80' lang='lat' dir='ltr'><strong>statuit:</strong></span> 
     </span>
     <span class='ocr_line' id='line_1_34' title="bbox 72 3690 1015 3785; baseline 0.013 -27"><span class='ocrx_word' id='word_1_263' title='bbox 72 3690 181 3778; x_wconf 72' lang='lat' dir='ltr'><strong>eiusque</strong></span> <span class='ocrx_word' id='word_1_264' title='bbox 195 3700 242 3761; x_wconf 87' lang='lat' dir='ltr'><strong>rei</strong></span> <span class='ocrx_word' id='word_1_265' title='bbox 256 3698 393 3761; x_wconf 82' lang='lat' dir='ltr'><strong>Aeneam</strong></span> <span class='ocrx_word' id='word_1_266' title='bbox 406 3717 461 3785; x_wconf 86' lang='lat' dir='ltr'><strong>per</strong></span> <span class='ocrx_word' id='word_1_267' title='bbox 473 3701 623 3784; x_wconf 86' lang='lat' dir='ltr'><strong>quendam</strong></span> <span class='ocrx_word' id='word_1_268' title='bbox 637 3718 676 3763; x_wconf 82' lang='lat' dir='ltr'><strong>ex</strong></span> <span class='ocrx_word' id='word_1_269' title='bbox 693 3704 769 3779; x_wconf 89' lang='lat' dir='ltr'><strong>suis,</strong></span> <span class='ocrx_word' id='word_1_270' title='bbox 783 3704 941 3769; x_wconf 86' lang='lat' dir='ltr'><strong>ldmonem</strong></span> <span class='ocrx_word' id='word_1_271' title='bbox 955 3727 1015 3771; x_wconf 90' lang='lat' dir='ltr'><strong>no·</strong></span> 
     </span>
     <span class='ocr_line' id='line_1_35' title="bbox 72 3784 1013 3879; baseline 0.018 -32"><span class='ocrx_word' id='word_1_272' title='bbox 72 3784 153 3863; x_wconf 82' lang='lat' dir='ltr'><strong>uine,</strong></span> <span class='ocrx_word' id='word_1_273' title='bbox 170 3787 245 3856; x_wconf 84' lang='lat' dir='ltr'><strong>facit</strong></span> <span class='ocrx_word' id='word_1_274' title='bbox 261 3794 423 3857; x_wconf 87' lang='lat' dir='ltr'><strong>certiorem</strong></span> <span class='ocrx_word' id='word_1_275' title='bbox 438 3796 577 3859; x_wconf 80' lang='lat'>1-106.</span> <span class='ocrx_word' id='word_1_276' title='bbox 597 3796 718 3879; x_wconf 80' lang='lat' dir='ltr'><strong>Accipit</strong></span> <span class='ocrx_word' id='word_1_277' title='bbox 730 3800 934 3863; x_wconf 71' lang='lat' dir='ltr'><strong>conditionem</strong></span> <span class='ocrx_word' id='word_1_278' title='bbox 947 3801 1013 3864; x_wconf 80' lang='lat' dir='ltr'><strong>Ae·</strong></span> 
     </span>
     <span class='ocr_line' id='line_1_36' title="bbox 73 3882 1014 3973; baseline 0.01 -28"><span class='ocrx_word' id='word_1_279' title='bbox 73 3889 139 3961; x_wconf 75' lang='lat' dir='ltr'><strong>llas,</strong></span> <span class='ocrx_word' id='word_1_280' title='bbox 148 3882 349 3969; x_wconf 84' lang='lat' dir='ltr'><strong>sollemnique</strong></span> <span class='ocrx_word' id='word_1_281' title='bbox 363 3888 506 3973; x_wconf 83' lang='lat' dir='ltr'><strong>uuinquc</strong></span> <span class='ocrx_word' id='word_1_282' title='bbox 516 3906 708 3957; x_wconf 75' lang='lat' dir='ltr'><strong>sactanmnto</strong></span> <span class='ocrx_word' id='word_1_283' title='bbox 719 3889 829 3956; x_wconf 83' lang='lat' dir='ltr'><strong>foedus</strong></span> <span class='ocrx_word' id='word_1_284' title='bbox 834 3895 1014 3956; x_wconf 86' lang='lat' dir='ltr'><strong>sancitur-</strong></span> 
     </span>
    </p>
   </div>
   <div class='ocr_carea' id='block_1_2' title="bbox 0 0 1410 4817">
    <p class='ocr_par' dir='ltr' id='par_1_2' title="bbox 0 0 1410 4817">
     <span class='ocr_line' id='line_1_37' title="bbox 0 0 1410 4817; baseline 0 3"><span class='ocrx_word' id='word_1_285' title='bbox 0 0 1410 4817; x_wconf 95' lang='lat' dir='ltr'><strong> </strong></span> 
     </span>
    </p>
   </div>
  </div>
 </body>
</html>
