2809 4817
320 351 361 412 6⁰
625 340 980 407 AENEI‘DOS
1121 342 1244 409 uita.

319 489 432 556 Vitam
442 486 667 564 exhalantem
684 482 789 549 subiit
805 484 934 547 desem
948 482 1088 566 creusa,

319 600 361 663 Et
376 597 504 683 direpta
514 598 648 677 domus,
663 602 697 655 et
705 589 803 675 parvi
816 608 911 653 casus
926 586 1002 651 lali.

319 707 493 792 Respicis,
505 714 538 770 et
547 722 631 786 quae
641 700 684 769 sit
692 718 748 761 me
760 696 885 761 ebcum
899 693 997 777 copia
1005 695 1123 773 lustro.

318 814 502 881 Deseruere
515 828 630 873 omnes
640 803 777 885 defessi,
789 811 823 867 et
835 818 976 883 corpora
984 800 1072 863 saltn

318 921 371 984 Ad
385 929 506 982 terram
519 914 653 996 misere,
665 917 723 975 aut
731 908 866 996 ignibus
876 928 978 994 aegra
991 908 1123 982 dedere.

361 1020 521 1105 [lamque
531 1019 616 1079 adeo
625 1034 727 1097 super
735 1015 823 1075 unns
834 1010 1160 1077 emmeenmlimina
1168 1014 1292 1080 Vestae
1383 1029 1384 1096 ξ

320 1124 514 1187 Servantem
530 1128 563 1184 et
574 1117 707 1186 tacitam
718 1116 976 1181 mereminsede
986 1117 1145 1181 latentem

320 1219 517 1305 Tyndarida
529 1217 697 1303 adspicio:
717 1218 798 1311 dant
811 1220 900 1281 clara
916 1217 1071 1285 incendia
1086 1221 1200 1283 lucem

321 1325 469 1407 Erranti‚
488 1323 677 1409 passimque
689 1324 805 1388 oculos
817 1344 878 1406 per
892 1332 1012 1387 cuncta
1024 1324 1155 1389 ferenti.

320 1431 385 1497 Illa
398 1430 464 1494 sibl
476 1430 613 1494 infestos
631 1449 746 1493 eversa
757 1431 803 1492 ob
817 1429 980 1514 Pergama
988 1430 1156 1513 Teucros,

320 1540 363 1601 Et
379 1555 505 1621 poenas
514 1516 689 1619 Darnalis,
711 1543 743 1596 et
759 1534 879 1597 deserti
895 1533 1047 1620 coniugis
1060 1533 1146 1619 iras,

322 1644 572 1721 Praemetuens,
585 1638 705 1703 Troiae
717 1648 750 1701 et
762 1638 889 1722 patriae
901 1639 1240 1724 eommunisErinbys
1247 1684 1259 1722 ,

321 1748 501 1814 Abdiderat
512 1765 600 1827 sese,
619 1752 719 1826 atque
735 1740 800 1808 aris
815 1742 923 1809 invisa
937 1746 1083 1808 sedebat.

322 1854 480 1917 Exarsere
490 1850 583 1938 ignes
595 1848 728 1928 anim03
740 1849 829 1913 subit
837 1848 889 1912 ira
901 1849 1076 1911 cadentem

322 1960 446 2027 Ulcisci
453 1959 656 2044 petriam‚et
666 1960 841 2023 sceleratas
850 1978 982 2021 sumere
993 1976 1128 2041 poenas.
1230 1960 1293 2040 576

323 2065 455 2133 Scilicet
467 2066 550 2129 haec
564 2066 717 2149 Spartam
730 2063 907 2128 incolumis
920 2062 1111 2148 patriasque
1128 2067 1293 2149 Mycenas

322 2170 501 2253 adspiciet,
517 2179 679 2254 partoque
687 2169 751 2233 ibit
763 2170 882 2256 regina
895 2169 1088 2253 triumpho?

323 2270 607 2361 Coniugiumque,
618 2274 839 2355 domumque,
848 2281 974 2355 patres,
983 2283 1144 2354 natosque
1153 2270 1295 2356 videbit,

321 2380 467 2444 iliadum
478 2384 575 2444 turba
587 2388 619 2443 et
628 2378 784 2467 Phrygiis
794 2378 951 2442 comitata
964 2378 1146 2442 ministris?
1254 2365 1258 2373 ⁴

325 2484 492 2557 Occiderit
506 2485 596 2548 ferro
614 2484 786 2546 Priamus?
801 2483 902 2560 Teoia
917 2484 1034 2547 arserit
1047 2483 1143 2571 igni?

324 2587 530 2657 Dardanium
543 2586 637 2651 toties
650 2586 777 2651 sudarit
790 2588 952 2674 sanguine
964 2586 1065 2651 litus?

325 2696 400 2757 Non
413 2694 470 2757 ita.
484 2694 651 2775 Namque,
665 2692 726 2755 etsi
741 2693 874 2755 nubum
892 2692 1111 2757 memorabile
1124 2714 1253 2760 nomen

324 2797 482 2861 Feminea
491 2796 528 2861 in
537 2816 646 2883 poena
659 2807 725 2881 est,
739 2799 911 2869 nechabet
923 2797 1063 2861 victoria
1075 2800 1227 2881 laudem

325 2904 523 2969 Exstinxisse
540 2904 631 2969 nefas
646 2914 773 2986 tamen,
795 2913 826 2967 et
834 2904 985 2968 sumsisse
1002 2904 1162 2969 merentis

325 3008 501 3071 Laudabor
512 3026 656 3091 poenas;
671 3005 889 3089 animumque
904 3009 1051 3090 explesse
1062 3007 1192 3072 iuvabit

300 3172 308 3186 s
324 3110 458 3175 Ultricis
472 3112 643 3192 flammae,
657 3118 690 3172 et
700 3108 827 3173 eineres
837 3110 969 3173 satiasse
988 3130 1152 3174 meorum.
1177 3135 1181 3140 ·

257 3301 263 3313 Ι
324 3217 605 3299 miciacensem,
619 3224 658 3279 et
668 3216 789 3280 furiata
801 3228 912 3281 mente
926 3216 1091 3302 ferebam]

293 3348 298 3356 ¹
327 3326 411 3385 Cum
418 3324 503 3388 mihi
509 3344 562 3407 se,
575 3344 645 3387 aon
654 3335 730 3388 astte
740 3324 846 3389 oeulis
857 3336 922 3388 tam
933 3325 1037 3408 clara,
1051 3323 1236 3391 videndam

327 3430 474 3513 Obtulit,
492 3439 524 3497 et
536 3453 622 3516 pura
633 3452 696 3517 per
710 3440 842 3512 noctem
854 3431 891 3493 in
905 3433 980 3494 luce
996 3430 1124 3495 refulsit

326 3539 423 3601 Alma
437 3558 571 3625 parens,
589 3542 736 3606 confessa
752 3543 876 3622 Deam,
894 3538 1067 3622 qualisque
1076 3536 1186 3603 videri

327 3644 502 3711 Coelicolis
517 3657 551 3709 et
560 3651 793 3728 quantasolet3
810 3651 990 3728 dextraque
1004 3649 1205 3730 prehensum

268 3826 270 3833 ¹
327 3752 515 3837 Constituit,
530 3759 792 3841 roseoquebaec
806 3755 944 3840 insuper
956 3754 1086 3820 addidit
1101 3776 1180 3822 ore:
