2809 4817
344 345 404 422 ιιι
644 343 848 408 ιιιιιε.
891 349 1013 422 urm

341 494 480 573 lamque
493 494 578 557 adeo
590 497 696 555 tutum
710 495 810 580 louge
822 493 956 558 Piraeea
971 495 1090 579 cernit,

341 601 382 662 Et
394 610 489 664 notae
501 617 628 681 aecum,
640 602 705 664 heu
717 601 853 685 frustra,
863 615 1022 686 respectat
1031 602 1184 672 Athenas

340 707 411 769 lam
427 707 544 790 procul
560 709 694 772 etluctu
706 708 833 774 Minoia
849 712 984 794 respicit
1002 731 1100 795 arva,

340 811 1277 907 Florentisquevidetiamcycladasjhinostrophadasquu

339 916 464 980 Hinc
437 935 545 998 amus,
554 915 634 979 hinc
645 918 752 982 statio
757 931 872 988 contra
886 933 978 1006 patet
993 925 1202 988 Hermionen.

338 1019 517 1102 Linquitur
530 1030 608 1085 ante
623 1020 704 1084 aliar
720 1024 821 1110 longe
833 1024 1018 1111 gratissima
1027 1028 1128 1094 Delos

338 1125 518 1186 Nereidum
532 1125 629 1188 matri
641 1136 674 1188 ιι
687 1129 842 1210 Neptuno
855 1132 996 1215 Aegaeo.

338 1227 522 1312 Prospicit
511 1228 692 1292 incinctam
706 1230 875 1314 spumant-i
887 1231 984 1296 litore
996 1234 1170 1318 Gytheion,
1262 1289 1267 1296 ,

337 1334 626 1416 Marmorcamquc
636 1335 760 1418 Paron,
774 1335 983 1418 viridemque
997 1338 1133 1422 adlapsa
1230 1349 1236 1374 ⁶

751 1510 753 1514 ,
872 1443 1075 1526 Donusam,

337 1545 564 1633 Aegrnamquc
574 1545 681 1611 simul
681 1547 1012 1629 remeantumque
1022 1549 1206 1632 Seriphum

336 1651 468 1734 Fertur,
480 1663 512 1716 et
523 1651 659 1716 incertia
671 1652 811 1717 iactamr
823 1656 868 1716 ad
881 1652 995 1716 omnia
1008 1654 1134 1718 ventis.

337 1758 467 1839 Cymba
476 1755 567 1818 velut
572 1775 729 1841 ‚magnas
739 1757 889 1837 sequitur
903 1780 979 1821 cum
990 1760 1131 1841 paruula
1143 1757 1257 1841 clauis,

335 1861 414 1932 Afer
427 1871 459 1924 ιι
468 1860 610 1923 hiberno
618 1863 823 1926 hacchatur
813 1885 849 1925 ιιι
864 1885 1007 1946 aequore
1021 1867 1132 1929 turbo·

334 1969 450 2031 Donec
461 1969 526 2047 tale
535 1969 635 2030 decus
649 1967 776 2030 formae
789 1970 936 2053 vexavit,
950 1981 983 2034 ιι
992 1989 1108 2071 aegros

334 2073 411 2136 Non
424 2073 515 2155 tulit,
527 2083 560 2135 et
572 2072 708 2137 miseros
717 2072 858 2138 mutavit
868 2074 1007 2162 virginis
1021 2086 1125 2160 artus,
1228 2064 1278 2152 482

335 2181 496 2241 Cae‘ruleo
510 2177 641 2261 pollens
651 2176 772 2241 coniux
786 2179 952 2262 Neptunia
964 2197 1079 2264 regno-
1184 2211 1185 2214 ¹

334 2288 399 2350 Sed
412 2287 522 2348 tamen
537 2292 707 2348 externam
718 2284 864 2364 squamis
874 2284 993 2348 vestire
1006 2286 1172 2405 puellam,
1250 2348 1255 2368 ,

332 2389 547 2473 Infidosque
537 2401 623 2454 mter
632 2401 778 2456 teneram
794 2391 1000 2454 committere
1012 2388 1109 2473 piscis

333 2496 408 2559 Non
417 2495 543 2559 statuit
556 2495 701 2559 nimium
712 2497 905 2560 estavidum
915 2515 1016 2578 pecus
1025 2495 1239 2579 Amphitrites

332 2601 443 2664 A'ercis
455 2599 566 2685 potius
577 2600 755 2662 sublimem
768 2601 898 2664 sustulit
910 2599 989 2682 alis,

331 2711 422 2771 Esset
434 2717 472 2770 ut
487 2706 524 2770 in
534 2706 630 2772 terris
638 2706 718 2770 facti
732 2707 774 2769 de
786 2706 923 2769 nomine
932 2705 1033 2790 Citis,

331 2813 416 2877 Ciris
426 2816 606 2896 Amyclaeo
621 2813 798 2877 formosior
813 2831 928 2878 ansere
942 2815 1061 2876 Ledae.

330 2924 376 2983 Ac
386 2920 527 2982 velutin
540 2919 640 2983 niveo
649 2928 783 2982 tenerae
794 2939 870 2982 cum
887 2917 1039 3002 primitus
1052 2939 1119 2982 ovo
1390 2955 1391 3022 ι

329 3019 461 3107 Effigies
475 3019 654 3085 animantis
665 3030 697 3084 et
712 3020 900 3084 internodia
917 3021 1075 3085 membris

328 3125 524 3208 Imperfecta
541 3139 630 3190 novo
641 3125 773 3190 fluitant
785 3137 939 3192 concreta
953 3128 1080 3191 calore.
1174 3145 1187 3184 ’.

327 3229 381 3292 Sic
395 3229 524 3312 liquido
533 3232 665 3315 Scyllae
677 3209 916 3296 circumfusum
927 3237 1070 3313 aequore
1084 3245 1201 3315 corpus

326 3333 501 3399 semiferi
490 3337 626 3400 incertis
636 3337 736 3402 etiam
750 3361 847 3414 nuno
850 3339 1000 3430 partibus
1011 3347 1103 3402 artus

326 3441 482 3522 Undique
493 3445 666 3507 mutabant
673 3457 790 3528 atque
801 3445 950 3526 undiquc
966 3445 1189 3508 mutabantur.

326 3552 403 3613 Oris
413 3554 518 3616 honos
531 3556 693 3638 primum,
707 3567 739 3620 et
752 3557 865 3620 multis
877 3565 990 3638 optata
1003 3556 1139 3634 labella,

324 3657 364 3718 Et
374 3659 506 3738 patulae
521 3659 638 3723 frontis
646 3681 786 3743 species
799 3679 1006 3725 concrescere
1017 3659 1055 3722 in
1067 3678 1173 3720 unum

323 3764 486 3846 coepere,
497 3771 531 3826 ιι
540 3763 658 3850 gracili
668 3777 835 3828 ιιιιιιιιιιιι
829 3767 1018 3848 producere
1032 3771 1150 3826 rostro.
