2809 4817
319 380 411 443 ¹120
653 356 1004 425 anunroos
1148 367 1277 430 arao.

346 511 483 573 Summa
493 504 575 591 petit
589 506 735 590 scopuli,
757 506 912 588 siccaque
927 504 965 569 iu
980 526 1064 588 rupe
1078 508 1219 584 resedit,

345 616 448 680 Illum
459 626 490 677 et
504 616 671 677 labentem
679 612 816 693 Teucri,
832 621 866 675 et
876 610 977 676 risere
993 623 1183 699 natantem,

345 722 387 783 Et
403 722 504 781 salsos
520 716 630 781 rident
643 712 871 783 revomentem
889 726 1023 802 pectore
1039 721 1169 788 fluctus.

346 816 412 885 Hie
427 824 513 885 laeta
526 819 678 883 extremis
693 840 767 903 spes
784 832 832 883 est
848 840 984 892 accensa
996 819 1143 905 duobus,
1237 876 1243 888 .

345 926 495 1011 Sergesto
511 922 756 1007 Mnestheique,
775 926 873 1007 Gyan
882 948 1040 1009 superare
1053 936 1254 995 morantem·

346 1037 514 1121 Sergestus
524 1032 612 1115 capit
622 1041 699 1095 ante
709 1035 1054 1119 locum,seopuloque
1065 1034 1286 1116 propinquate

345 1144 415 1206 Nec
430 1152 497 1205 tota
511 1150 621 1203 tamen
634 1140 690 1202 ille
703 1139 797 1222 prior
804 1148 985 1221 praeeunte
1003 1138 1133 1219 carina,

347 1249 444 1310 Parte
458 1246 568 1329 prior;
582 1256 711 1332 partem
722 1256 828 1310 rostro
841 1244 964 1327 premit
971 1247 1104 1311 aemula
1113 1244 1236 1311 Pristis·

347 1352 389 1415 At
401 1350 512 1413 media
525 1349 633 1414 socios
648 1349 806 1415 incedens
815 1368 900 1411 nare
912 1368 974 1436 per
985 1348 1075 1433 ipsos

347 1442 508 1522 Hortatur
522 1460 725 1521 Mnestheus:
745 1462 854 1539 Nune,
874 1479 964 1525 nune
982 1457 1146 1544 insurgite
1153 1454 1270 1540 nmis,

347 1561 503 1625 Hectorei
516 1562 615 1643 socii,
636 1561 851 1644 Troiaequos
862 1571 949 1623 sorte
965 1578 1123 1641 suprema

348 1664 467 1750 Delegi
485 1665 639 1745 comites3
655 1687 746 1731 nune
762 1666 837 1729 illas
851 1664 994 1748 promite
1006 1664 1112 1746 vires,

348 1775 444 1835 Nunc
455 1773 602 1857 animos,
622 1772 945 1856 quibusinGaetulis
956 1771 1110 1854 Syrtibus
1120 1770 1189 1855 nsi,

243 1964 250 1971 .
344 1876 511 1959 ·lonioque
524 1880 626 1963 mari,
647 1881 841 1959 Maleaeque
855 1878 1177 1961 sequacibusundis.

347 1984 424 2045 Nou
434 1984 501 2047 iam
511 1985 620 2068 prima
635 1993 714 2068 peto
724 1986 931 2064 Mnestheus,
945 2001 1053 2063 neque
1063 1982 1197 2047 vincere
1207 1989 1309 2059 φονίας

276 2177 280 2183 ¹
325 2152 328 2157 ,
349 2090 608 2173 Quamquamo!
623 2094 681 2156 sed
691 2101 861 2175 superent,
878 2092 999 2173 quibus
1008 2095 1088 2175 hoc,
1100 2096 1267 2177 Neptune,

878 2195 1015 2273 dedisti3
1249 2198 1301 2282 195

349 2298 520 2361 Extremos
532 2299 655 2381 pudeat
667 2296 821 2361 rediisse:
833 2298 897 2359 hoo
912 2297 1044 2379 vincite,
1062 2297 1168 2381 cives,

349 2404 389 2465 Et
403 2402 575 2485 prohibete
586 2404 688 2469 nefas.
708 2403 778 2467 Olli
792 2404 971 2469 certamine
981 2425 1113 2472 summo

348 2510 593 2573 Procumbuntz
613 2509 713 2573 vastis
726 2509 837 2574 tremit
850 2510 970 2575 ictibus
982 2528 1080 2587 aerea
1092 2509 1229 2595 puppis,

225 2680 228 2683 ,
349 2613 625 2693 subtrahiturque
634 2616 744 2678 solum
756 2636 766 2692 3
779 2625 848 2677 tum
862 2618 977 2681 creber
986 2618 1154 2681 anhelitus
1164 2629 1253 2683 artus

348 2718 516 2799 Aridaque
525 2739 583 2782 ora
596 2720 719 2800 quatit3
735 2724 838 2785 sudor
849 2720 921 2785 fluit
936 2723 1083 2804 undique
1098 2723 1190 2791 rivis.

349 2823 466 2887 Attulit
482 2825 552 2909 ipse
568 2825 648 2891 viris
664 2837 814 2909 optatum
828 2846 920 2889 casus
935 2830 1108 2890 honorem.

350 2934 515 3017 Namque,
525 2934 636 2999 furens
646 2935 765 3015 animi,
776 2937 857 3001 dum
868 2955 1004 3019 proram
1012 2939 1056 2997 ad
1067 2955 1145 2999 saxa
1151 2935 1301 3021 suburget

348 3038 505 3121 Interior,
524 3040 697 3124 spatioque
709 3041 797 3108 subit
810 3042 977 3127 Sergestus
990 3043 1125 3124 iniquo;

347 3146 468 3210 Infelix
479 3146 564 3210 saxis'
577 3146 614 3209 in
629 3146 902 3229 procurrentibus
919 3147 1034 3209 haesit.

349 3253 534 3342 Concussae
549 3262 675 3336 cautes,
694 3262 728 3319 et
741 3262 839 3318 acuto
857 3250 894 3315 in
911 3248 1038 3318 murice
1050 3250 1139 3317 remi

349 3356 664 3441 Ohnixicrepnere,
683 3357 837 3440 illisaque
850 3376 951 3441 prore
965 3358 1132 3441 pependit.

348 3463 559 3547 Consurgunt
576 3473 711 3543 nautae,
729 3472 761 3524 et
773 3478 896 3548 magno
910 3464 1056 3555 clapnore
1070 3463 1272 3552 morantur}

346 3564 560 3648 Ferratasque
576 3570 686 3632 nudes
703 3579 736 3632 et
751 3578 846 3632 acuta
860 3568 996 3651 cuspide
1012 3579 1129 3634 contos
1163 3648 1170 3663 Ι

296 3761 298 3767 Ι
347 3672 547 3754 Expeditius,
563 3674 747 3756 tractosque
760 3674 923 3762 leguntin
936 3666 1067 3763 gurgite
1083 3693 1204 3740 remos.

349 3782 392 3843 At
403 3780 507 3845 lectus
519 3784 723 3866 Mnestheus,
739 3803 957 3868 successuque
970 3785 1080 3852 acrior
1093 3786 1186 3872 ipso,
