2809 4817
347 394 552 463 ntnnn
589 396 654 464 rx.
694 400 818 467 eser.
1000 412 1060 488 ψ

18 518 20 575 f
99 547 141 613 Et
153 562 312 631 praeceps
330 546 434 611 animi
446 544 588 611 Tmarus
602 555 635 611 et
646 546 828 614 Mauortius
841 550 1010 637 Hermon,

98 651 300 741 Agminihus
316 652 390 719 totis
404 662 461 718 aut
475 653 561 720 tersi
575 663 667 741 terga
685 655 825 739 dedere,

99 756 250 839 Autipso
266 766 380 839 portae
394 776 535 841 posuere
550 757 587 821 in
603 756 719 823 limine
737 760 851 825 vitem.

96 858 189 949 frum
203 860 307 947 magis
317 858 505 924 increscunt
519 860 639 925 animis
652 862 859 931 discordibus
872 863 958 949 ines

99 963 140 1028 Et
151 966 223 1029 iam
235 966 364 1031 collecti
382 965 483 1031 Troes
500 958 729 1053 glomerentur
737 975 873 1057 eodem,

98 1074 142 1135 Et
152 1069 311 1137 ,eumerus
326 1090 461 1135 manum
474 1082 505 1135 et
521 1090 715 1155 procurrere
728 1074 863 1166 longius
879 1082 1014 1149 audent

141 1177 282 1247 Ductori
297 1178 430 1258 Turno,
452 1176 581 1240 diverse
599 1176 635 1239 in
648 1190 741 1262 purte
752 1183 895 1267 furenti,

100 1278 330 1362 Turbentique
343 1281 450 1369 viros,
469 1283 634 1363 perfertur
650 1285 801 1368 nuntius,
814 1289 940 1355 hostem

101 1386 242 1469 Fervere
260 1386 359 1449 caede
372 1402 477 1467 nore,
494 1396 526 1449 et
539 1397 649 1469 portas
658 1392 818 1471 praehere
829 1380 982 1474 putentis.
997 1429 1000 1435 ·

101 1490 230 1563 Deserit
241 1490 425 1574 inceptum,
447 1500 545 1571 atque
560 1491 700 1557 immani
716 1486 862 1566 concitus
875 1497 928 1561 ira
1019 1544 1033 1575 ,

101 1596 306 1661 Dardanium
319 1597 386 1659 ruit
401 1599 444 1659 ad
456 1607 586 1680 portem
599 1600 782 1683 fratresque
793 1610 971 1688 superbosr

102 1700 141 1765 Et
152 1702 301 1787 primum
315 1700 515 1784 Antiphaten
528 1748 538 1786 ‚
553 1703 683 1767 isenim
699 1725 735 1770 sc
747 1708 875 1790 primus
889 1714 1026 1798 egebat,
1058 1748 1063 1774 κ
1191 1721 1198 1736 “

103 1806 262 1894 Thebane
277 1812 319 1872 de
329 1818 433 1873 matre
445 1812 585 1873 nothum
601 1810 803 1895 Sarpedonis
818 1805 894 1899 ulti,

103 1916 261 1986 Coniceto
279 1915 394 1979 sternit
406 1914 534 1981 laculor
549 1918 741 1979 volat-Itale
759 1938 880 1983 comus

103 2023 186 2082 Ae'ra
198 2038 261 2101 per
277 2030 444 2101 tenmum,
463 2025 696 2104 stomachoque
713 2022 817 2087 infixe
830 2030 892 2089 sub
904 2029 1009 2110 altum
1056 2068 1062 2075 ·

103 2126 219 2188 Pectus
238 2122 320 2186 ehitr
339 2124 450 2189 reddit
463 2139 581 2207 specus
594 2128 657 2189 etri
673 2129 817 2194 volneris
827 2133 951 2194 undam
1000 2146 1060 2214 7⁰⁰

103 2228 334 2309 Spumantem,
351 2237 384 2289 et
400 2226 467 2291 fixo
479 2229 605 2293 ferrum
620 2230 656 2293 in
672 2233 832 2314 pulmone
838 2234 984 2318 tepescit.

103 2326 188 2395 Tum
205 2334 376 2415 Meropem
388 2344 487 2415 etque
497 2334 679 2420 Erymanta
689 2356 806 2420 manu,
819 2348 890 2401 tum
903 2338 1018 2403 sternit

599 2507 601 2517 ,
630 2445 841 2528 Aphidnum-3
921 2492 935 2531 .‘

103 2542 187 2609 Tum
199 2542 308 2615 Bitian
319 2548 490 2611 ardentem
504 2550 628 2635 oeulis,
646 2552 833 2635 animisque
846 2553 1059 2640 frementem,
1100 2595 1106 2600 -

103 2650 177 2732 Non
188 2651 316 2717 iaculo:
329 2657 540 2735 nequeenim
554 2656 666 2721 iaculo
677 2655 781 2721 vitam
795 2658 854 2722 ille
866 2659 1024 2725 dedisset:

104 2758 167 2820 Sed
182 2772 341 2844 magnum
356 2757 497 2826 stridens
512 2767 662 2825 contorta
676 2760 846 2844 phalarica
860 2760 971 2843 venit,

102 2860 264 2925 Fulminis
277 2864 474 2928 artemodor
494 2886 593 2947 quam
606 2886 667 2929 nec
678 2866 746 2927 duo
762 2874 875 2928 taurea
889 2875 996 2952 terga,

87 2968 169 3037 .Nee
179 2968 306 3053 duplici
322 2988 459 3050 squama
479 2970 581 3035 lo'rica
596 2970 703 3035 fidelis
722 2980 850 3035 etauro

103 3071 279 3153 Sustinuit3
294 3077 435 3159 collapsa
451 3087 552 3139 ruunt
566 3076 723 3141 immanis
739 3079 897 3139 membru.

103 3178 167 3241 Dat
176 3179 273 3240 tellus
285 3178 457 3265 gemitum,
478 3188 511 3241 et
520 3178 663 3261 clipeum
674 3200 773 3260 super
784 3178 914 3243 intonet
922 3175 1061 3265 ingenus

104 3283 219 3367 Qualis
238 3283 273 3347 in
287 3284 433 3347 Euboico
446 3283 598 3345 Baiarum
609 3284 704 3346 litore
715 3284 884 3365 quondam

68 3404 71 3408 ·
103 3388 207 3450 Saxea
218 3387 286 3471 pila
299 3388 400 3465 cadit3
416 3388 545 3475 magnis
559 3408 658 3469 quam
672 3388 816 3453 molibus
827 3395 905 3452 ente

104 3496 330 3557 Constructam
346 3506 448 3579 ponto
461 3496 604 3575 iaciunt3
620 3496 666 3559 sic
682 3496 741 3558 ills
755 3494 889 3558 ruinam
988 3572 990 3576 Ι

103 3602 212 3665 Prona
229 3602 341 3681 trahit,
358 3601 552 3685 penitusque
570 3599 662 3663 vadis
675 3599 763 3664 illisa
779 3598 960 3676 recumbit3

103 3704 245 3767 Miscent
257 3726 292 3768 se
311 3706 430 3789 maria,
447 3718 479 3770 et
490 3708 608 3792 nigrae
626 3708 821 3770 attolluntur
840 3726 978 3782 arenae;

103 3806 191 3873 Tum
202 3807 311 3873 sonitu
323 3812 486 3893 Prochyte
495 3813 561 3884 elta
572 3811 696 3892 tremit,
711 3814 899 3892 durumque
910 3806 1021 3873 cubile
