2809 4817
148 727 938 860 ARGUMENTUM

319 1012 787 1104 thurinos,

108 1459 173 1527 ιιι.
183 1458 210 1525 1.
233 1458 335 1524 Troia
346 1477 432 1545 capnt
441 1460 931 1537 Aeneamnnchisaeerveneris
939 1462 1029 1539 filius,

77 1556 117 1617 vir
129 1556 273 1639 singulari
295 1556 407 1639 pietate
427 1557 553 1639 parique
576 1554 753 1622 fortitudine
768 1556 938 1641 praeditos,
958 1576 1029 1622 curn

76 1649 174 1711 erroris
186 1648 236 1713 sui
248 1666 335 1711 anno
344 1650 475 1732 septimo
487 1667 542 1732 per
554 1667 637 1711 mare
649 1648 1028 1731 TyrrhenumaSitiliain

77 1735 179 1803 ltaliam
194 1742 339 1823 navigat,
355 1740 487 1803 immissa
498 1739 537 1801 ab
550 1740 651 1804 Aeolo
663 1758 734 1823 rege
745 1758 930 1817 ventorum,
943 1762 1028 1826 roga·

76 1844 105 1893 tu
119 1830 264 1908 lunonis,
282 1833 458 1915 gravissima
472 1846 652 1915 tempestate
666 1834 704 1895 ad
721 1833 873 1914 Libycum
885 1834 957 1899 litus
971 1836 1029 1897 ad·

77 1924 184 2003 pellitur
201 1949 274 1989 ι-
289 1929 352 2009 169.
368 1945 566 2009 egressusque
584 1926 615 1987 in
632 1939 762 2002 terram,
785 1944 900 2012 septem
915 1929 1028 2037 ingenti

77 2020 274 2101 magmtudtne
284 2038 394 2083 cervos
405 2038 523 2117 sagittis
533 2036 712 2103 prosternit
721 2021 933 2105 singulosque
926 2043 958 2085 tn
970 2024 1029 2085 sin·

78 2112 150 2194 gulas
160 2122 271 2179 naves·
275 2116 344 2197 (tot
357 2115 436 2177 enim
456 2134 494 2177 ex
507 2115 643 2198 dispersa
659 2115 755 2177 classe
769 2115 952 2199 collegerat)
971 2136 1028 2179 ae·

78 2207 191 2287 qualiter
206 2208 380 2271 distribuit·
407 2209 511 2273 socios
531 2209 658 2285 deinde,
679 2208 804 2291 longis
795 2230 855 2272 tam
874 2212 1029 2275 erroribus

11 2292 12 2299 '
79 2298 224 2382 fatigatos,
244 2322 303 2383 spe
321 2300 442 2366 futurae
462 2302 575 2385 quietis
596 2302 633 2363 ad
649 2300 839 2364 tolerandum
857 2302 940 2383 qnod
956 2304 1028 2365 reli-

79 2410 160 2472 quum
174 2409 240 2455 erat
250 2392 366 2456 laboris
378 2394 519 2457 hortatur
530 2428 564 2443 -
576 2416 642 2457 222.
654 2394 776 2457 Interea
785 2396 893 2457 Venus
905 2396 1029 2466 Aeneae

80 2487 118 2547 sui
132 2482 399 2571 Troianorumque
417 2508 539 2553 causam
553 2487 756 2575 apudlovem
775 2487 854 2571 agit,
872 2489 1030 2551 omnium-

78 2599 128 2661 que
141 2582 347 2647 calamitatum
365 2582 482 2647 illarum
502 2600 623 2647 causam
639 2580 750 2645 lunoni
765 2582 903 2664 imputat.
922 2580 1029 2665 luppi-
1047 2624 1051 2630 ⁴

81 2676 118 2734 t'er
130 2692 253 2751 contra,
276 2689 409 2737 reserata
427 2673 557 2739 fatorum
576 2676 672 2751 serie,
692 2692 746 2758 spe
758 2674 1030 2758 felitisposterita·

80 2767 111 2829 tis
125 2770 342 2852 potentiaeque
357 2766 584 2845 Romanorum,
603 2768 681 2831 filiae
696 2768 833 2833 dolorem
851 2770 1030 2833 consolatur

80 2880 182 2940 -304
199 2863 304 2927 Cuius
319 2863 457 2928 oratione
474 2862 653 2927 confirmata
667 2864 792 2937 Venus,
808 2861 934 2925 Aeneae
943 2882 1028 2937 suo

80 2948 227 3019 locorum
219 2973 331 3040 rgnato
351 2972 383 3019 et
401 2954 603 3037 explorandae
622 2956 754 3037 regionis
770 2973 863 3019 causa
883 2954 942 3019 huc
959 2954 1028 3018 illue

81 3043 236 3123 oberranti,
262 3064 332 3111 sese
345 3047 467 3111 obviam
484 3048 626 3131 praebet.
642 3065 797 3129 navesque
810 3046 955 3129 dispersas
969 3036 1030 3109 sal·
1077 3101 1079 3106 .

80 3152 193 3203 vasesse
203 3140 344 3203 nuntiat
360 3140 553 3221 ostenditque
562 3159 626 3203 non
635 3140 742 3225 procul
750 3140 829 3204 rlltnc
838 3142 945 3204 abesse
956 3142 1030 3205 Car·

82 3227 235 3313 haginrm,
260 3251 350 3313 quant
364 3248 437 3296 tunc
456 3234 487 3297 in
506 3233 543 3296 iis
556 3232 634 3296 locis
650 3230 802 3300 condebat
816 3230 948 3294 Dido·
919 3252 1029 3311 -409.

82 3319 205 3387 Aeneas
198 3343 325 3409 itaque,
343 3326 444 3386 marris
455 3308 606 3386 benefic'io
622 3336 698 3385 nava
713 3323 795 3385 nube
808 3324 947 3400 cinctus,
968 3342 1029 3386 una

84 3429 139 3476 tum
149 3417 267 3481 Achate
279 3416 494 3498 Carthaginem
504 3416 685 3499 ingreditur.
698 3415 752 3479 ubi
765 3433 797 3479 et
812 3415 914 3479 socios
927 3414 1028 3479 salvos

83 3510 198 3589 reperit,
216 3528 281 3575 eta
296 3507 420 3570 Didone
432 3507 561 3591 benigne
572 3506 847 3589 excipitur-656.
861 3505 970 3569 Venus
982 3521 1029 3569 ta·

84 3604 252 3686 uen‚quod
262 3619 365 3685 neque
375 3596 506 3663 limonio
516 3600 650 3685 hospitio
659 3618 760 3683 neque
770 3598 907 3664 muliebri
918 3598 1029 3663 incon·

84 3700 196 3762 stantiae
210 3700 286 3763 satis
303 3696 410 3760 fideret
420 3740 429 3771 ,
441 3698 544 3779 sopito
555 3697 585 3757 in
600 3688 712 3757 Idaliae
721 3694 798 3757 lucis
807 3694 955 3768 Ascanio,
968 3712 1027 3776 pro
1158 3720 1161 3730 ·

84 3803 116 3849 to
131 3790 308 3873 Cupidinem
333 3786 503 3867 substituit,
525 3792 579 3873 qui
597 3789 677 3851 inter
695 3789 852 3872 amplexus
872 3803 906 3850 et
923 3786 1029 3850 oscula
1124 3866 1129 3882 υ

84 3878 195 3951 latenter
212 3889 339 3972 reginae
353 3902 489 3949 amorem
502 3885 625 3969 inspirat
641 3886 775 3967 Aeneae.
1106 3892 1108 3899 ·
