2809 4817
360 382 418 441 aio
665 371 1014 435 AENEIDOS
1155 365 1271 452 v.:7ti.
1374 415 1375 430 2

358 522 458 587 Nulla
475 518 556 583 meis
572 516 643 581 sine
654 523 690 581 'te
703 528 881 597 quaeretur
892 517 1000 604 gloria
1008 520 1114 581 rebus
1127 538 1137 579 :

296 620 307 639 “
359 628 421 690 Seu
436 644 569 707 pacem,
586 644 642 685 seu
654 625 742 685 bella
753 642 886 710 geram:
902 622 962 686 tibi
976 644 1131 687 maxuma
1147 646 1257 691 rernm

359 730 613 809 verborumque
623 725 714 789 fides.
732 732 856 791 Contra
871 747 972 807 quem
990 706 1069 790 talia
1082 729 1173 794 tatur

360 836 542 915 Euryalus:
562 836 617 895 Me
630 833 722 894 nulla
740 832 810 893 dies
827 842 894 893 tam
909 832 1052 897 fortibus
1070 833 1157 896 ausis
1249 877 1254 896 .

361 938 568 1003 Dissimilem,
582 936 746 1021 arguerit:
769 948 916 1000 tantum:
936 940 1097 1019 Fortuna,
1113 941 1259 1001 secunda
1374 981 1375 1016 ,

362 1044 428 1105 Aut
446 1043 599 1120 adversa,
618 1041 722 1101 cadat.
740 1041 804 1102 Sed
819 1051 850 1103 te
865 1040 1092 1122 superomnia
1105 1043 1198 1104 dona

363 1150 475 1211 Unum
490 1166 565 1209 oro:
582 1146 731 1233 genetrix
747 1146 927 1208 Priamide
944 1157 1042 1233 gente
1056 1147 1186 1211 vetusta

363 1254 419 1313 Est
433 1248 532 1330 mihi,
545 1270 646 1331 quam
656 1249 812 1312 miseram
828 1248 933 1311 tenuit
942 1269 1011 1311 non
1026 1249 1088 1313 Illa
1108 1253 1208 1314 tellus

365 1360 497 1421 Mecum
511 1358 740 1436 excedentem,
760 1375 829 1417 non
845 1355 978 1417 moenia
990 1355 1076 1441 regis
1088 1358 1235 1419 Acestae.

365 1464 462 1525 Hane
476 1480 537 1545 ego
546 1482 635 1523 nune
649 1460 799 1546 ignaram
808 1458 907 1521 huius
917 1462 1140 1540 quodcunque
1149 1458 1264 1543 pericli
1271 1468 1313 1522 est

365 1566 472 1644 Inque
485 1564 657 1625 salutatam
667 1562 803 1642 linquo;
819 1571 948 1644 uoxqet
964 1574 1022 1625 tua
1039 1562 1127 1626 testis

349 1670 352 1687 '
368 1666 524 1744 Dextera,
540 1665 631 1743 quod
641 1683 802 1743 nequeam
821 1664 976 1726 lacrimas
986 1666 1133 1747 perferre
1144 1666 1292 1747 parentis.
1374 1657 1375 1672 ¹

368 1773 411 1834 A:
427 1780 477 1851 tu,
493 1788 571 1851 ore,
585 1772 693 1833 solare
704 1769 859 1851 inopem,
875 1775 908 1831 et
916 1789 1070 1847 succurre
1079 1772 1226 1834 relictae.

368 1874 466 1933 Hane
477 1869 548 1933 sine
561 1892 615 1933 me
628 1890 721 1953 spem
734 1870 820 1934 ferre
836 1869 903 1931 tui:
920 1871 1095 1964 audentior
1107 1871 1168 1935 ibo

368 1977 410 2038 ln
424 1996 517 2039 casus
531 1964 650 2037 omnis'.
671 1980 827 2039 Percussa
840 1984 949 2037 mente
962 1977 1124 2038 dederuut

370 2081 582 2143 Dardanidae
596 2081 765 2155 lacrimas:
782 2092 858 2143 ante
868 2080 1126 2165 omnispulcher
1138 2085 1248 2164 ltilus3
1266 2089 1315 2166 :93

370 2186 478 2264 Atque
498 2184 647 2247 animum
662 2186 788 2267 patriae
801 2184 931 2249 strinxit
942 2184 1076 2268 pietatis
1084 2187 1213 2273 imago.

370 2287 518 2353 Tumsio
536 2286 673 2355 effatur:
938 2282 944 2293 ’

271 2451 282 2463 s
372 2397 527 2477 Spondeo
544 2396 645 2483 digna
664 2376 729 2461 tuis
743 2397 932 2484 ingentibus
951 2396 1065 2461 omnia
1078 2397 1216 2480 coeptis.

335 2528 336 2533 ¹
371 2504 523 2581 Namque
541 2502 602 2565 erit
615 2502 675 2567 ista
692 2502 777 2566 mihi
787 2503 954 2589 genetrix,
967 2523 1157 2584 nomenque
1171 2505 1303 2566 Creusae

374 2610 486 2672 Solum
503 2609 656 2689 defuerit,
677 2632 739 2673 nee
756 2623 887 2693 partum
903 2610 1010 2697 gratia
1026 2612 1127 2671 talem

372 2718 480 2779 Parva
492 2725 613 2780 manet.
631 2720 732 2783 Casus
747 2719 871 2781 factum
887 2716 1076 2797 quicunque
1092 2723 1287 2794 sequuntur:

373 2820 437 2880 Per
448 2829 546 2900 eaput
560 2822 624 2883 boc
637 2820 729 2902 iuro,
745 2842 807 2904 per
819 2823 910 2902 quod
928 2831 1022 2903 pater
1032 2829 1109 2883 ante
1125 2820 1268 2881 solebat:

374 2925 469 3007 Quae
489 2923 549 2985 tibi
565 2924 727 3005 polliceor
740 2926 871 3008 reduci,
890 2930 1053 3008 rebusque
1067 2925 1241 3007 secundis,

374 3020 593 3089 Haec'eadem
604 3029 768 3110 matrique
781 3023 856 3091 tuae
867 3029 1047 3116 generique
1060 3032 1259 3093 manebunt:

375 3131 428 3194 Sic
443 3132 489 3195 ait
504 3133 725 3199 illacrimans:
743 3138 883 3198 humero
896 3134 996 3199 simul
1005 3136 1098 3197 exuit
1114 3156 1230 3199 ensem

272 3256 274 3259 ’
375 3239 556 3320 Auratum,
576 3238 662 3301 mira
680 3262 780 3321 quem
793 3241 915 3324 fecerat
931 3249 1000 3301 arte
1014 3242 1153 3321 Lycaon
1175 3265 1181 3276 ¹

239 3338 247 3355 ’
377 3344 533 3428 Gnosius,
556 3356 654 3427 atque
671 3349 817 3411 habilem
833 3347 956 3435 vagina
968 3352 1097 3429 aptarat
1108 3349 1255 3425 eburna;

375 3454 441 3529 Dat
460 3446 537 3539 Niso
554 3456 743 3518 Mnestheus
760 3456 884 3538 pellem
902 3454 1133 3535 horrentisque
1147 3455 1255 3520 leonis

265 3645 273 3661 ·
376 3556 537 3635 Exuvias:
551 3561 681 3643 galeam
697 3560 783 3624 fidus
802 3569 968 3641 permutat
982 3562 1100 3623 Aletes.
1212 3649 1214 3652 Ι

377 3663 536 3725 Protenus
554 3662 672 3731 armati
685 3663 862 3727 incedunt:
887 3682 971 3747 quos
988 3663 1098 3730 omnis
1114 3665 1226 3729 euntis

377 3769 565 3835 Primorum
579 3792 696 3837 manus
706 3774 868 3855 adportas
879 3769 1105 3853 iuvenumque
1116 3784 1294 3855 senumque
1374 3833 1375 3856 ,
