2809 4817
331 368 390 415 ιω
613 312 984 409 ‘Aruernos
1047 344 1052 353 ’
1129 350 1258 411 ano.

328 490 466 579 Accipe,
480 493 589 575 daque
603 486 714 561 fldem.
732 494 817 557 Sunt
831 491 929 555 nohis
940 490 1043 555 fortia
1055 490 1148 557 hello

327 596 465 667 Pectora
477 646 494 691 ,ι
503 610 580 665 sumt
595 598 719 681 animi,
733 607 767 661 et
779 599 878 662 rehus
892 606 1037 681 spectata
1052 597 1221 662 iuventus.

277 768 279 784 ,
368 710 505 775 Dixerat
518 711 654 773 Aeneas.
672 708 734 771 llle
753 727 804 790 os,
819 709 1000 788 oculosque
1015 710 1184 791 loquentis

327 816 558 895 Iamdudum,
574 824 607 877 et
622 822 729 878 totum
740 815 902 879 lustrabat
918 813 1046 877 lumine
1064 835 1198 899 corpus.
1326 821 1330 823 ’
1390 822 1391 825 ’

327 917 470 995 'lhmsic
487 937 594 1001 pauca
611 916 728 982 reiertt
744 919 790 980 Ut
803 925 853 999 tc,
869 914 1045 981 fortissime
1060 917 1251 1005 Teucrus,

310 1022 463 1108 ¹Accipio
479 1042 687 1111 agnoscoque
699 1023 826 1087 libens!
844 1030 883 1086 ut
897 1022 1000 1085 verba
1014 1022 1185 1106 parentis,
1237 1095 1241 1102 ,

325 1130 368 1191 Et
382 1147 500 1193 vocem
518 1127 683 1215 Anchisae
697 1126 813 1214 magni
824 1126 1023 1206 voltumque
1038 1130 1218 1193 recordorl

326 1234 413 1297 Nam
431 1230 570 1297 memini
587 1229 755 1295 Hesionae
771 1229 933 1292 visentem
950 1248 1056 1316 regna
1066 1230 1194 1297 sororis

326 1336 632 1402 Laomedontiaden
645 1336 830 1417 Priamum,
846 1332 1014 1397 Salamina
1027 1345 1217 1421 petentem,

326 1444 488 1506 Protenus
499 1441 657 1507 Arcadiae
673 1439 801 1527 gelidos
819 1438 965 1503 inrisere
979 1436 1066 1505 finis.

215 1548 223 1569 ⁸
327 1544 414 1606 Tum
427 1542 513 1605 mihi
527 1543 636 1625 prima
651 1562 753 1629 genas
767 1540 908 1605 vestibat
928 1543 1011 1605 flore
1024 1541 1178 1620 iuventat

326 1646 542 1727 Mirabarque
552 1648 651 1710 duces
661 1635 821 1728 Teucros,
838 1645 985 1711 mirabar
1000 1653 1034 1709 et
1048 1644 1161 1729 ipsum

326 1752 649 1814 Laomedontiaden:
666 1752 725 1815 scd
737 1750 864 1815 eunctis
878 1750 977 1813 altior
989 1750 1061 1813 ihat
1126 1797 1129 1802 -

326 1857 495 1925 Anchises.
514 1856 599 1921 Mihi
611 1876 706 1920 mens
721 1855 868 1919 iuvenali
882 1857 1020 1919 ardebat
1031 1874 1148 1919 amore
1390 1940 1391 1945 ἵ

327 1968 537 2051 Compellare
550 1966 675 2048 rhum,
696 1974 731 2029 et
744 1966 879 2027 dextrae
892 1962 1097 2050 coniungere
1113 1966 1296 2029 dextram:
1390 2014 1391 2017 ,

326 2072 471 2154 Accessi,
488 2081 519 2135 et
533 2071 673 2154 cupidus
690 2069 815 2135 Phenei
828 2070 892 2133 suh
906 2067 1041 2131 moenia
1057 2068 1149 2132 duxi.
1234 2073 1304 2134 165

326 2182 388 2243 Ille
406 2180 490 2255 mihi
508 2179 675 2265 insignem
687 2181 878 2262 pharetram
896 2174 1083 2273 Lyciasque
1095 2175 1244 2261 sagittas

326 2281 506 2345 Discedens
524 2283 803 2363 chlamydemque
818 2298 901 2341 auro
917 2276 1010 2340 dedit
1021 2277 1255 2359 intertextam,
1283 2280 1288 2285 ’
1379 2304 1385 2308 ·

327 2388 499 2468 Frenaque
517 2388 609 2470 hina,
621 2408 714 2451 meus
721 2408 806 2469 quae
819 2408 909 2450 nunc
917 2390 1033 2468 habet,
1043 2406 1161 2469 aurea,
1172 2390 1300 2454 Pallas.
1390 2384 1391 2389 ¹

294 2490 298 2509 '
326 2492 415 2578 Ergo
426 2500 474 2573 et,
488 2512 590 2571 quam
599 2490 725 2573 petitis,
742 2490 855 2553 iuncta
863 2490 1004 2558 estnihi
1014 2492 1147 2554 foedere
1156 2494 1301 2573 dextra5
1390 2502 1391 2563 ζ

326 2592 383 2671 Et,
396 2592 455 2653 lux
466 2612 543 2655 cum
553 2591 701 2675 primum
713 2592 853 2657 terrisse
862 2580 1005 2657 crastina
1016 2596 1150 2677 reddet,

325 2694 460 2758 Auxilio
474 2696 578 2761 laetos
587 2694 776 2777 dimittam,
789 2697 975 2780 opibusque
988 2696 1123 2760 iuvabo.

326 2801 456 2865 interea
471 2819 564 2863 sacra
579 2799 679 2880 haec,
695 2800 830 2879 quando
843 2800 910 2861 huc
927 2798 1061 2863 ven‘utis
1074 2798 1190 2879 amici,

326 2887 462 2985 Annua,
483 2918 568 2984 quae
579 2899 713 2967 differre
722 2904 833 2985 nefas,
852 2906 1015 2969 celebrate
1026 2904 1174 2968 faventes

280 3064 285 3069 .
327 2995 522 3087 Nobiscum,
539 3016 571 3069 et
583 3005 651 3069 iam
661 3027 752 3069 nunc
765 3008 932 3072 sociorum
947 3007 1130 3072 adsuescite
1137 3006 1280 3073 mensis.

278 3166 287 3192 Ι
367 3112 460 3194 Haec
474 3112 534 3175 uhi
545 3112 649 3195 dicta,
662 3114 763 3196 dapes
777 3113 868 3176 iubet
885 3123 916 3177 et
929 3113 1059 3177 sublata
1075 3110 1197 3193 reponi

204 3244 205 3248 ¹
326 3218 469 3302 Pocula,
485 3218 725 3305 gramineoque
743 3204 832 3285 viros
849 3221 937 3283 locat
952 3218 1023 3302 ipse
1035 3218 1152 3296 sedili3

326 3327 613 3411 Praecipuumque
629 3338 702 3394 toro
716 3337 752 3393 et
766 3311 877 3394 rilloai
889 3328 977 3410 pelle
991 3325 1099 3390 leonis
1125 3329 1130 3347 “

291 3514 294 3523 ,
327 3431 456 3517 Accipit
468 3435 617 3513 Aenean,
631 3430 782 3513 solioque
794 3431 913 3499 invitat
930 3450 1062 3497 acerno·

326 3540 414 3617 Tum
426 3538 503 3601 lecti
516 3537 652 3603 iuuenes
668 3538 816 3612 certatim
829 3558 973 3619 araeque
984 3537 1139 3602 sacerdos

1259 1616 1281 1652 0

311 3643 463 3731 ¹Viscera
474 3652 561 3713 ,tosta
575 3644 687 3710 ierunt
706 3654 892 3728 taurorum,
915 3653 1121 3727 onerantque
1140 3632 1299 3741 oanistfis
1390 3716 1391 3731 χ

314 3750 425 3845 ηιβοηα
437 3749 606 3815 laboratae
625 3748 768 3834 Cereris,
780 3752 1013 3849 Bacchumque
1023 3747 1227 3832 ministrant.
1390 3740 1391 3747 '
