2809 4817
386 372 617 439 cunnx.
657 375 779 436 abac
849 409 855 426 ,
1004 381 1083 468 ⁸⁴⁷2

84 511 261 576 Parrulus
272 513 364 576 bunc
377 511 471 596 prior
488 513 638 587 humoris
656 519 821 580 conterret
833 517 1005 606 alumnus,

84 618 136 677 Et
149 625 295 678 mortem
307 613 413 680 vitare
429 627 544 684 monet
557 639 618 700 per
630 619 794 684 acumina.
809 623 961 703 Namque

86 724 174 806 Qua
185 721 321 783 diducta
333 740 435 806 genas
452 722 641 803 pandebant
652 719 782 790 lumina
796 723 950 814 gemmis,

84 829 170 890 Hac
187 825 328 889 senioris
344 837 414 890 erat
428 837 567 892 naturae
584 832 712 913 pupula
727 831 793 895 telo

85 933 166 994 Icta
179 930 257 995 levi.
273 933 361 1003 Tum
375 933 529 1016 prosiluit
541 934 758 1020 furibundus,
772 948 803 1001 et
813 937 912 1006 illum

87 1037 268 1101 obtritum
285 1037 505 1103 mortimisit:
523 1040 579 1120 cui
591 1039 723 1108 dissitus
733 1043 844 1110 curnis

84 1141 237 1225 Spiritus
249 1142 386 1206 excessit
397 1164 520 1211 senuna
538 1147 625 1208 Tum
639 1157 732 1210 torva
750 1156 915 1214 tenentem

83 1243 239 1308 Lumina
254 1245 398 1328 reapexit
410 1257 596 1330 serpentem
612 1249 820 1314 comminuet
834 1250 913 1320 inde

82 1347 259 1440 Im'piger,
273 1351 449 1435 exanimis,
465 1352 520 1415 vix
539 1373 675 1437 compos
689 1363 818 1436 mente,
828 1355 968 1442 refugit,
1024 1389 1030 1405 ·
1099 1381 1101 1394 ¹

83 1462 133 1524 Et
145 1458 297 1524 validum
310 1463 425 1524 deutra
441 1469 597 1526 truncum
609 1460 756 1525 detraxit
772 1461 814 1522 ab
828 1479 934 1524 orno:

84 1565 164 1653 Qui
175 1586 269 1630 casus
279 1565 419 1630 sociaret
432 1584 548 1648 opem,
563 1551 731 1628 numenve
745 1566 901 1634 Deorum.

84 1672 245 1751 Namque
257 1668 310 1732 illi
327 1667 503 1740 dederitne
513 1667 604 1754 riam
616 1689 768 1751 mansue,
778 1671 924 1752 Deusve,

83 1777 237 1838 Prodere
250 1772 292 1836 sit
303 1771 462 1837 dubiumr
480 1771 588 1836 voluit
599 1776 658 1838 sed
668 1772 801 1838 vincere
816 1776 895 1838 tales

85 1882 242 1947 Horrida
254 1880 423 1963 squamosi
437 1881 608 1946 volventia
619 1883 770 1944 membra
783 1881 953 1946 draconiaz
1066 1875 1070 1882 ”

83 1989 201 2069 Atque
210 1987 416 2068 reluctantia,
431 1986 556 2050 crebris
569 1986 733 2067 foedeque
746 1989 888 2070 petentis

86 2094 236 2175 lctibus,
253 2113 326 2157 ossa
337 2081 429 2174 ierit,
448 2091 586 2177 cingunt
603 2113 669 2173 qua
686 2101 835 2174 tempora
848 2092 972 2156 cristae.
1003 2096 1060 2174 196

83 2197 131 2258 Et
141 2198 235 2278 quod
250 2206 320 2259 erat
335 2198 461 2277 tardus,
478 2197 588 2261 somni
599 2198 760 2283 languore
777 2207 924 2279 remoto,

84 2298 227 2363 Nescius
240 2298 443 2382 adspiciens,
460 2299 560 2363 timor
573 2301 807 2364 obcaecaverat
820 2309 930 2363 artus:

83 2406 164 2468 Hoc
176 2404 290 2468 minus
301 2403 464 2486 implicuit
479 2403 553 2466 dira
561 2402 740 2470 formidine
749 2414 903 2468 mentem.

84 2514 198 2598 Quem
210 2520 387 2603 postquam
398 2508 483 2573 vidit
492 2530 623 2574 caesum
633 2511 864 2596 languescere,
879 2511 971 2580 sedit.

80 2615 83 2624 '
127 2621 202 2681 Iam
213 2615 320 2697 quatit
326 2626 359 2680 et
366 2615 496 2703 biiuges
505 2615 614 2680 oriens
627 2617 735 2685 Erebo
745 2616 789 2680 cit
797 2637 900 2698 equos
909 2619 1001 2700 Nox,

82 2723 125 2785 Et
137 2720 238 2806 piger
247 2729 362 2782 aurato
373 2717 523 2802 procedit
530 2719 657 2800 Vesper
664 2717 708 2778 ab
717 2716 818 2780 Oeta:

85 2829 176 2889 Cum
185 2847 286 2912 grege
298 2826 469 2907 compulso
479 2832 608 2907 pastor,
619 2817 865 2903 duplicantibus
877 2817 1041 2906 umbria„

83 2929 205 3012 Vadit,
218 2929 299 2994 etin
311 2930 410 2994 fessos
421 2928 572 3010 requiem
582 2928 662 2992 dare
675 2931 846 3009 comparat
855 2934 956 3018 artur.

84 3035 192 3098 Cuius
204 3035 387 3114 utintrayit
395 3034 501 3098 levior
511 3055 573 3117 per
584 3053 724 3117 corpora
732 3051 884 3114 somnus,
960 3031 965 3054 ”

81 3137 447 3235 Languidaqueeffuso
463 3142 657 3222 requierunt
671 3125 822 3222 meurbra
835 3153 970 3224 sopore,

81 3246 222 3334 nffigies
237 3253 282 3315 aa
295 3271 372 3314 eum
386 3233 511 3345 cunin
525 3249 678 3331 revenit,
690 3259 724 3314 et
734 3249 786 3315 uu

81 3359 205 3438 Tristis
218 3361 261 3422 ab
270 3366 392 3422 eventu
405 3352 526 3420 cecinit
541 3355 690 3419 convicia
702 3355 828 3433 mortis·
884 3399 888 3408 -

80 3465 220 3548 Inquit:
235 3461 325 3548 Quid
338 3459 492 3542 meritus,
506 3459 550 3522 ad
561 3479 647 3540 quae
660 3461 788 3524 delatus
801 3458 934 3524 acerbas

82 3574 200 3654 Cogor
216 3569 309 3635 adire
318 3567 430 3633 vices?
445 3577 502 3628 tua
518 3567 601 3629 dum
614 3564 700 3629 mihi
714 3565 821 3630 carior
834 3562 909 3647 ipsu
1023 3618 1026 3624 ,

81 3673 166 3742 vira
179 3669 339 3755 suavita,
352 3671 540 3755 rapiorper
553 3667 666 3763 nana
679 3668 795 3738 ventis·
937 3649 939 3662 ⁴

85 3779 143 3842 Tu
158 3774 268 3840 lentus
282 3775 411 3843 refoves
421 3773 569 3839 iucunda
580 3774 730 3846 membra
742 3757 865 3854 quiete,
