2809 4817
296 308 456 443 ,³2¹
666 346 1019 415 sunsrnos
1170 357 1299 432 mes.

360 500 470 565 Multa
478 511 629 585 gemens,
645 496 807 582 largoque
817 494 988 559 humectat
998 491 1140 559 flumine
1152 498 1301 565 voltum.

361 610 514 688 Namque
527 605 673 684 videbat,
689 601 739 665 uti
748 603 908 665 bellantes
920 603 1080 688 Pergama
1092 602 1230 671 circum

361 715 435 777 Hac
445 712 600 797 fugerent
609 706 718 787 Graii,
735 714 909 796 premeret
915 707 1061 771 Troiana
1074 708 1259 793 iurentus3

361 821 434 881 Hac
442 818 605 903 Phryges;
614 813 755 878 imteret
767 834 867 877 curru
883 812 1034 877 emuna
1046 815 1212 883 Achilles.

361 924 430 985 Neo
441 921 560 1004 procul
571 919 651 983 hino
662 918 766 985 Rhesi
780 918 887 983 niveis
904 920 1047 985 tentoria
1060 922 1148 987 velis

362 1026 517 1115 Agnoscit
529 1026 725 1104 lacrimans3
739 1025 851 1107 primo
867 1044 952 1107 quae
968 1025 1101 1109 prodita
1116 1046 1248 1095 wanno

361 1132 510 1217 Tydides
526 1131 631 1195 multa
644 1130 794 1193 vasmbat
811 1131 911 1193 caede
930 1139 1109 1209 cruentus3

245 1226 248 1231 ¹
361 1237 580 1319 Ardentisque
596 1234 716 1300 avertit
732 1254 836 1315 equos
844 1234 881 1299 in
896 1245 1020 1317 castra,
1039 1236 1135 1320 prius
1147 1256 1257 1319 wem

355 1346 488 1409 ¹Pabule
500 1351 683 1432 grutassem
695 1340 816 1405 Troiae
830 1344 1068 1424 Xanthumque
1082 1342 1261 1411 bibissent.

361 1457 459 1519 Parte
470 1452 539 1515 alia
550 1449 681 1535 lugiens
695 1448 823 1513 amissis
834 1426 968 1515 '1⁴roilus
983 1446 1105 1532 armis,

361 1558 483 1623 Infelix
498 1577 597 1641 puer,
612 1564 713 1637 atque
724 1554 834 1637 impar
846 1573 1041 1641 congressus
1054 1555 1217 1639 Achilli,-

361 1668 480 1729 Fertur
492 1662 602 1745 cquis,
621 1681 787 1744 curruque
804 1662 919 1726 haeret
932 1662 1108 1745 resupinus
1126 1655 1240 1748 inani,

361 1774 450 1837 Lora
463 1780 577 1836 teneus
592 1780 722 1834 tamen:
735 1768 815 1833 huic
830 1767 1008 1849 cervixque
1024 1786 1212 1852 comaeque

891 1875 1072 1937 trahuntur

361 1984 427 2047 Per
438 1990 575 2061 taram,
591 1989 625 2043 et
642 1997 738 2064 verse
752 1976 862 2061 pulvis
876 1978 1067 2043 inscribitur
1080 1978 1191 2046 hasta.
1283 2031 1288 2037 .

361 2086 492 2159 Interea
505 2085 548 2146 ed
559 2081 802 2165 templum‘non
816 2104 948 2165 aequm*
956 2084 1099 2153 Palladis
1111 2084 1214 2151 ibant.
1270 2102 1328 2168 479

362 2188 519 2253 Crinibus
532 2186 651 2251 Iliades
664 2187 784 2271 passis,
797 2191 1001 2273 peplumque
1015 2188 1174 2271 ferebant

360 2290 561 2377 Suppliciter
575 2290 699 2372 tristes,
720 2298 752 2355 et
769 2301 885 2357 tunsae
896 2301 1032 2383 pectora
1047 2293 1195 2376 palatin

360 2399 447 2463 Diva
463 2400 535 2463 solo
548 2394 632 2478 fixos
644 2398 759 2465 oculos
775 2417 889 2463 aversa
901 2400 1042 2462 tenebat.
1192 2410 1195 2418 ’

360 2505 428 2566 Ter
441 2502 567 2565 circum
581 2499 700 2566 Iliacos
716 2508 903 2582 raptaverat
916 2504 1060 2579 Hectora
1076 2520 1209 2588 muros,

360 2605 626 2689 Esenimumque
636 2623 719 2667 auro
732 2625 852 2688 corpus
864 2609 1029 2680 vendebat
1038 2610 1198 2680 Achilles.

358 2710 448 2780 Tum
464 2732 546 2807 vero
557 2712 730 2807 ingentem
739 2716 901 2803 gemitum
911 2718 968 2785 dat
979 2728 1116 2800 pectore
1129 2722 1175 2790 ab
1189 2717 1274 2785 imo:
1321 2776 1329 2783 .

361 2826 406 2888 Ut
417 2823 537 2907 spolia,
557 2832 594 2886 ut
607 2812 739 2908 currus,
758 2836 861 2906 utque
872 2827 1116 2912 ipsumoorpus
1131 2828 1250 2910 amici,

359 2926 633 3011 Tendentemque
648 2933 769 2995 manus
782 2931 953 2997 Priamum
967 2933 1138 3018 conspexit
1156 2933 1303 2999 inerms

317 3098 319 3101 .
361 3037 402 3099 Se
420 3052 553 3114 quoque
568 3032 776 3116 principibus
790 3036 992 3121 permixtum
1003 3037 1142 3123 agnovit
1153 3037 1303 3119 Achivis,

359 3140 511 3219 ansque
524 3137 627 3221 acies,
644 3147 679 3223 et
689 3137 780 3225 nigri
795 3140 983 3205 Memnonis
1001 3160 1106 3211 arma

341 3256 344 3263 “
359 3245 459 3313 Ducit
467 3244 709 3309 Amazonidum
725 3243 849 3310 lunatis
860 3246 995 3335 agruim
1005 3248 1108 3331 peltis
1263 3292 1266 3297 -

360 3352 566 3419 Penthesilea
575 3355 706 3436 furens,
724 3353 910 3444 mediisque
924 3353 962 3420 in
976 3353 1126 3423 millibus
1140 3357 1237 3438 ardet

359 3454 466 3517 Aurea
476 3458 671 3521 subnectens
688 3467 833 3523 exsertae
845 3455 980 3543 cingula
994 3478 1161 3526 mammae

358 3562 530 3645 Bellatrix,
548 3565 714 3645 audetque
725 3564 807 3627 viris
819 3583 1018 3630 concurrere
1031 3564 1137 3653 virgo.

399 3669 490 3731 Haec
502 3669 583 3731 dum
598 3668 769 3733 Dardanio
781 3672 911 3733 Aeneae
922 3669 1076 3737 mirande
1089 3670 1262 3749 videntur,

244 3766 247 3771 ’
359 3771 449 3833 Dum
462 3777 587 3857 stupett
605 3774 790 3853 obtutuque
804 3774 918 3841 haeret
935 3773 1062 3844 ecdem
1074 3774 1112 3839 in
1124 3791 1210 3853 uno;
