2809 4817
246 386 249 397 =
321 354 836 443 Helenumque-
1001 361 1041 449 89

79 495 208 571 'immca
216 517 318 561 manu
329 496 432 581 *pinus
451 496 537 583 regit
551 508 584 561 et
593 498 732 585 vestigia
747 498 869 565 firmat

80 600 257 695 lanigerae
265 604 467 671 comitantur
480 606 575 672 erest
591 625 631 669 ea
643 608 716 677 seh
732 608 903 692 voluptas,

82 717 296 795 Solamenque
312 713 405 777 meli.
705 773 708 791 ,

82 822 251 903 Postquam
264 822 349 883 altos
355 818 470 906 ¹tetigit
483 822 614 902 fluetus,
630 829 663 883 et
675 823 874 903 adaequem
887 820 997 904 venit,

82 910 224 994 Luminis
236 921 347 989 effossi
359 924 501 989 fluidum
512 924 594 987 lavit
608 925 689 989 inde
703 944 872 1008 cruorem,

84 1034 236 1097 Dentibus
245 1033 438 1128 infrendens
448 1032 589 1119 gemitu3
599 1031 816 1119 graditurque
821 1052 1016 1116 peraequou

84 1137 150 1199 lam
158 1136 316 1214 medium3
334 1138 478 1199 necdum
490 1138 607 1199 fluctus
618 1138 722 1199 latera
732 1138 837 1199 ardua
848 1136 958 1204 tinxit.

85 1240 146 1305 llos
159 1244 274 1327 procul
292 1241 372 1307 iude
383 1242 498 1328 fugam
509 1242 630 1325 trepidi
643 1244 803 1327 celerare,
813 1255 947 1327 recepto

86 1345 244 1431 supplice,
259 1346 307 1411 sie
319 1347 454 1427 meritc;
470 1348 626 1429 tacitique
637 1348 788 1417 inuidere
799 1349 931 1429 binemq

86 1440 294 1517 Venimus-et
308 1453 408 1537 proni
419 1455 620 1526 certantibus
631 1474 777 1538 aequora
788 1456 899 1531 remis.

88 1557 245 1642 Sensit,et
251 1561 296 1623 ed
303 1560 449 1625 sonitum
465 1562 555 1626 vocis
568 1562 708 1650 vestigia
719 1563 823 1628 torsit.

87 1662 199 1729 Verum
212 1664 273 1728 ubi
282 1666 377 1729 nulla
389 1668 487 1731 datur
500 1670 614 1731 dextra
625 1670 792 1734 adfectare
803 1678 962 1753 potestas,

87 1764 144 1831 Nec
157 1771 244 1853 potis
258 1771 370 1834 Ionios
382 1774 499 1862 fluctus
511 1795 654 1856 aequare
670 1779 857 1859 sequendo,

89 1873 262 1939 Clamorem
274 1872 475 1941 immensum
489 1879 595 1941 tollite
613 1898 680 1961 quo
695 1888 834 1963 pontus,
847 1890 879 1943 et
892 1882 1008 1944 omnies

88 1974 278 2046 Intremuere
291 1986 418 2067 undae,
433 1985 627 2067 penitusque
642 1985 796 2049 exterrita
810 1988 906 2050 tellus

89 2082 205 2170 Italiae,
220 2089 394 2171 curvisque
407 2090 576 2179 immugiit
586 2095 691 2156 Aetna
707 2092 866 2157 cavernis.
976 2096 1037 2174 674

90 2192 125 2258 dt
134 2212 232 2276 genus
248 2214 266 2255 e
282 2193 373 2258 silvis
387 2197 575 2283 Cyelopum
590 2208 622 2259 et
636 2197 807 2261 montibus
821 2198 896 2262 altis

90 2292 228 2365 Excitum
241 2296 310 2359 ruit
320 2298 364 2359 ad
380 2308 510 2381 portus,
529 2308 562 2361 et
572 2298 671 2361 litora
686 2302 866 2383 complent.
940 2348 943 2350 Α

92 2390 250 2462 Cernimus
260 2400 419 2467 adstantis
431 2402 658 2485 nequidquam
672 2402 800 2471 lumine
810 2379 905 2466 torve

91 2503 234 2569 Aetnaeos
243 2507 386 2589 fratres,'
395 2512 489 2573 oo'elo
504 2510 612 2594 capita
625 2514 692 2575 alta
706 2511 853 2594 ferentis,

92 2614 259 2679 Concilium
271 2611 491 2683 horrendum:
506 2622 618 2701 quales
632 2638 709 2682 eum
716 2616 840 2681 vertice
853 2618 940 2681 celso

92 2721 190 2787 A'e'riae
200 2744 354 2808 quercus,
375 2737 433 2790 aut
447 2726 612 2790 conilbnae
629 2724 792 2809 cyparissi

91 2810 312 2911 Censtilerunt,
326 2828 409 2892 silva
429 2830 496 2891 alta
511 2828 611 2909 lovis,
626 2828 762 2889 lucusve
772 2824 911 2889 Dianae.

92 2931 271 3014 Praecipites
287 2911 393 2996 metus
405 2952 480 2996 acer
493 2932 561 3020 agit
578 2920 778 3014 quocunque
793 2927 945 2991 rudentis

92 3024 245 3120 Excutere,
262 3048 294 3102 et
306 3036 412 3103 ventis
422 3038 593 3102 intendere
607 3040 682 3101 vela
692 3036 855 3101 secundis.

93 3137 218 3223 [Contra
234 3143 322 3214 iussa
342 3151 480 3210 monent
495 3143 633 3225 Heleni,
653 3144 801 3224 Scyllam
819 3149 919 3223 atque

161 3240 162 3246 '
604 3238 812 3329 Charybdim
857 3312 860 3316 ,
883 3255 890 3325 g
966 3289 969 3297 ·
988 3299 992 3310 .

93 3352 168 3417 inter
181 3365 357 3440 utramque
368 3357 475 3439 uiam,
496 3356 555 3421 leti
568 3354 759 3420 discrimine
772 3372 893 3438 parvo,

91 3456 125 3519 Ni
133 3467 257 3525 teneant
265 3480 394 3527 cursum
411 3470 537 3525 certum
552 3468 599 3529 ast
609 3449 802 3532 tlarelintea
813 3455 936 3543 retra]

90 3562 159 3629 Ecce
168 3579 278 3631 autem
292 3574 410 3635 Boreas
423 3578 561 3655 angusta
576 3570 619 3631 ab
635 3569 712 3631 sede
729 3566 840 3631 Pelori

91 3662 191 3735 Missus
203 3675 305 3735 adest.
320 3672 409 3738 Vivo
424 3674 659 3755 praetervehor
671 3672 754 3735 ostia
768 3690 849 3735 saxo

90 3769 606 3868 Pantagiae,Megarosquesinus,
621 3774 1034 3861 Thapsumqueiteentenu
1124 3840 1128 3845 ,
