2809 4817
388 358 428 434 64
659 347 1042 427 ¹AENEIDOS
1186 356 1320 434 v.371.

385 499 581 583 Androgeus
594 489 691 558 offert
704 495 818 575 nobis,
832 493 922 556 socia
935 491 1071 581 agmina
1086 494 1224 558 eredens

385 592 539 680 Inscius;‘
548 612 647 683 atque
660 603 750 664 ultro
766 601 876 665 verbis
897 601 1074 682 compellat
1086 600 1214 665 amieisz

386 703 565 784 Festinato,
579 703 657 766 viri:
673 724 752 765 nam
768 723 853 783 quae
864 710 931 763 tam
946 721 1019 765 sera
1032 710 1183 765 moratur

387 807 574 895 segnities?
590 808 648 871 alii
664 807 798 889 rapiunt
812 805 946 869 insensa
962 805 1141 887 teruntque

387 922 565 1006 Pergama:
578 937 638 981 vos
651 915 746 979 celsis
758 935 848 977 nunc
860 912 1009 997 primum
1019 931 1040 973 a
1049 911 1188 975 navibus
1197 912 1279 977 itisi'

388 1022 497 1100 Dixin
517 1030 548 1084 et
563 1020 729 1101 extemplo
743 1018 874 1101 (neque
893 1015 983 1079 enim
1000 1032 1158 1096 responsa
1169 1016 1343 1081 dabantur

389 1126 471 1191 Fida
484 1124 584 1209 satis)
599 1121 714 1203 sensit,
730 1119 856 1183 medios
871 1120 1023 1201 delapsus
1035 1116 1073 1181 in
1087 1118 1201 1181 hostis.

391 1230 581 1313 Obstupuit,
598 1237 753 1307 retroque
770 1227 890 1309 pedem
904 1244 980 1284 cum
992 1241 1076 1285 voce
1088 1223 1255 1304 repressit.

389 1333 613 1417 Improvisum
624 1330 729 1413 aspris
742 1328 847 1393 veluti
860 1327 918 1409 qui
935 1327 1081 1391 sentibus
1100 1345 1248 1415 anguem

390 1438 510 1502 Pressit
530 1434 625 1499 humi
640 1433 763 1515 nitens,
789 1433 1000 1514 trepidusque
1019 1443 1156 1517 repente
1172 1431 1334 1520 refugit,

392 1544 607 1608 Attollentem
621 1538 754 1618 iras,·et
768 1539 900 1600 caerula
914 1539 1001 1601 colia
1015 1547 1212 1606 tumentem:

392 1648 493 1713 Haud
507 1664 598 1709 secus
613 1645 808 1729 Androgeus
820 1642 895 1707 visu
915 1643 1124 1707 tremefactus
1139 1643 1267 1707 abibat.

391 1750 570 1830 Irruimus,
587 1748 696 1811 densis
715 1756 748 1809 et
764 1746 1063 1811 circumfundimur
1076 1747 1194 1826 armis3

392 1859 597 1943 Ignarosque
614 1854 678 1917 loci
691 1853 811 1935 passim
827 1864 859 1916 et
872 1852 1053 1915 formidine
1063 1859 1177 1936 captos
1193 1898 1197 1905 -

393 1960 587 2026 Sternim'us.
603 1959 754 2043 Adspirat
772 1959 882 2041 primo
900 1960 1035 2023 fortuna
1050 1958 1170 2023 labori.
1297 1957 1354 2022 386

394 2069 502 2147 Atque
516 2058 572 2128 hic
588 2086 737 2129 successu
757 2066 924 2128 exsultans
941 2063 1126 2145 animisque
1147 2064 1332 2147 Coroebus,

396 2173 428 2235 0
439 2172 536 2251 socii,
548 2192 614 2251 qua
627 2171 753 2254 prima,
765 2169 887 2253 inquit,
903 2171 1037 2234 fortuna
1046 2169 1160 2234 salutis

394 2280 558 2343 Monstrat
567 2278 645 2360 iter,
657 2298 788 2359 quaque
796 2276 939 2339 ostendit
951 2295 987 2340 se
1001 2280 1128 2360 dextra,
1140 2298 1329 2359 sequamur.

395 2367 562 2446 Mutemus
578 2382 720 2464 clipeos,
735 2382 955 2463 Danaiimque
972 2380 1115 2469 insignia
1126 2384 1225 2448 nobis
1276 2451 1283 2466 ‚

337 2512 340 2517 ·
396 2489 571 2571 Aptemus:
591 2488 701 2567 dolus,
718 2506 761 2549 an
772 2486 891 2568 virtus,
905 2485 978 2567 quis
989 2486 1027 2549 in
1042 2490 1136 2551 hoste
1151 2487 1322 2568 requirat?

397 2592 500 2653 Arma
514 2588 641 2649 dabunt
654 2586 728 2668 ipsi.
743 2586 796 2656 Sic
812 2588 911 2668 fatus,
925 2587 1047 2651 deinde
1060 2600 1252 2659 comantem

398 2692 568 2779 Androgei
580 2694 711 2779 galeam
723 2688 889 2775 'clipeique
902 2692 1033 2779 insigne
1048 2695 1208 2758 decorum

308 2868 312 2875 ,
343 2871 345 2887 ᾗ
398 2799 569 2880 Induitur,
586 2783 750 2878 laterique
762 2797 923 2882 Argivum
935 2801 1163 2861 accommodat
1178 2820 1303 2866 ensem.

397 2906 474 2969 Hoc
489 2902 652 2985 Rhipeus,
672 2905 737 2965 hoc
754 2902 824 2983 ipse
839 2904 981 2983 Dymas,
997 2901 1172 2984 omnisque
1184 2904 1339 2969 iuventus

398 3012 499 3072 Laeta
513 3007 609 3083 facit3
625 3006 740 3090 spoliis
755 3028 790 3069 se
802 3007 941 3087 quisque
955 3009 1142 3081 recentibus
1155 3021 1275 3078 armat.

399 3112 561 3178 Vadimus
577 3111 718 3176 immixti
735 3114 859 3177 Danais
874 3115 966 3176 haud
977 3115 1115 3178 numine
1130 3127 1262 3201 nostro,

400 3220 571 3300 Multaque
585 3240 646 3301 per
658 3240 788 3284 caecam
806 3222 971 3308 congressi
988 3224 1116 3305 proelia
1130 3235 1265 3289 noctem

400 3322 630 3403 Conserimus3
649 3326 769 3388 multos
782 3326 936 3390 Danadm
951 3328 1155 3394 demittimus
1170 3332 1272 3395 Orco.

400 3425 589 3514 Diffugiunt
603 3429 661 3493 alii
676 3432 720 3493 ad
732 3431 838 3513 navis,
858 3442 891 3494 et
906 3431 1004 3495 litora
1018 3455 1116 3497 cursu

309 3531 312 3541 “
330 3563 332 3567 ·
400 3533 482 3595 Fida
495 3543 627 3616 petunt:
645 3557 722 3617 pars
736 3538 905 3624 ingentem
919 3538 1097 3604 formidine
1115 3537 1207 3624 turpi

401 3640 569 3705 &abdunt
578 3661 689 3704 rursus
700 3664 838 3725 equum,
854 3654 887 3706 et
900 3655 979 3707 nota
996 3647 1185 3709 conduntur
1197 3646 1234 3709 in
1247 3649 1332 3714 alvo.

401 3744 477 3809 Heu
493 3740 579 3807 nihil
589 3741 702 3809 invitis
715 3746 763 3810 fas
775 3768 977 3833 quemquam
988 3746 1092 3816 fidere
1106 3749 1221 3817 Divisi
