2809 4817
244 444 248 451 ⁴
348 410 818 479 mesalimus.
1022 420 1063 483 63

97 551 261 640 sperasti?
274 559 470 637 tantumque
482 554 575 620 nefas
586 555 697 639 patrio
710 553 832 621 excidit
844 558 926 621 ore?

99 663 133 725 Si
145 661 230 724 nihil
245 682 286 725 ex
301 672 393 724 tanta
402 663 538 746 Superis
549 666 657 747 placet
671 666 754 729 urbe
768 665 931 749 relinqui,
1049 730 1054 737 .

101 772 138 833 Et
149 771 238 834 sedet
253 772 318 833 hoc
332 769 464 851 animo,
474 767 706 853 perituraeque
719 772 842 835 addere
851 771 973 837 Troiae

100 878 208 957 Teque
221 886 358 957 tuosque
369 875 477 939 iuvat:
486 880 576 960 'patet
591 876 646 941 isti
657 876 760 943 ianua
772 880 860 957 leto;

19 1056 21 1063 y
99 982 230 1063 Iamque
241 980 348 1045 aderit
361 984 468 1047 multo
478 982 602 1045 Priami
613 984 656 1045 de
664 981 828 1069 sanguine
839 985 1005 1067 Pyrrhus,

100 1094 300 1154 Natumante
311 1110 369 1153 ora
378 1092 637 1176 patris,patrcm
649 1092 708 1174 qui
717 1095 892 1156 obtruncat
901 1094 945 1155 ad
953 1112 1037 1158 aras.

100 1199 170 1260 Hoc
180 1210 261 1281 erat,
273 1201 362 1263 alma
376 1220 511 1282 parens,
524 1200 616 1279 quod
629 1219 682 1261 me
693 1219 754 1281 per
765 1201 843 1280 tela,
855 1220 916 1283 per
927 1199 1018 1285 ignis

94 1302 215 1398 impis,
225 1312 261 1365 ut
272 1302 393 1367 mediis
403 1304 531 1367 hostem
540 1302 576 1364 in
591 1301 946 1384 penetralibus‚utque

102 1402 282 1489 Ascanium,
293 1416 488 1491 patremque
500 1426 631 1489 meum,
642 1405 800 1486 iuxtaque
807 1408 985 1487 emmam,

104 1514 237 1575 Alterum
249 1513 285 1576 in
295 1512 431 1576 alterius
442 1522 603 1575 mactatos
615 1511 798 1597 sanguiue,
814 1515 974 1575 cernam?

104 1613 291 1702 Arma‚viri',
308 1616 391 1683 ferte
404 1638 497 1683 arma
506 1642 514 1682 τ
524 1627 621 1683 vocat
634 1622 694 1683 lux
709 1618 828 1683 ultima
836 1620 951 1685 victos·

104 1717 228 1785 Reddite
240 1742 296 1786 me
305 1722 444 1787 Danais:
455 1722 554 1785 sinite
564 1720 745 1785 instaurata
760 1720 903 1786 revisam

106 1824 225 1888 Proelia.
235 1830 414 1907 Nunquam
425 1847 539 1891 omnes
552 1828 654 1891 hodie
662 1829 845 1894 moriemur
860 1829 971 1895 inulti.

138 1930 216 1994 nne
230 1931 319 1994 ferro
333 1910 491 2017 accingor
505 1952 635 2013 rursus,
649 1933 824 2017 clipeoque
841 1935 1011 2002 sinistram
1090 1989 1098 2005 r

104 2032 287 2098 insertabam
303 2046 437 2119 aptans,
449 2056 570 2117 meque
584 2024 675 2099 extra
693 2048 774 2101 tecta
788 2039 945 2105 ferebam.

103 2132 172 2199 Ecce
183 2148 290 2200 autem
304 2140 476 2222 complexa
489 2142 590 2223 pedes
604 2139 639 2202 in
653 2140 770 2205 limine
784 2142 907 2207 coniux
987 2146 1048 2226 67³

102 2236 260 2324 Haerebat,
270 2261 479 2324 parvumque
493 2234 580 2325 p'atri
589 2246 743 2306 tendebat
753 2248 885 2308 lidum:
1003 2284 1007 2288 ν
1066 2268 1070 2274 ’

90 2344 128 2406 «δί
136 2346 292 2429 periturus
304 2348 388 2430 abis,
399 2357 432 2411 et
445 2368 506 2413 nos
515 2366 596 2431 rape
605 2346 641 2409 in
652 2348 766 2411 omnia
781 2358 910 2427 teeum3

97 2449 146 2512 Sin
154 2451 296 2533 aliquam
306 2461 459 2535 expertus
473 2450 589 2516 sumtis
598 2472 691 2535 spem
702 2451 846 2534 ponisin
856 2452 975 2537 armis,

96 2556 178 2621 Hanc
191 2560 337 2643 primum
351 2569 457 2622 tutare
473 2560 620 2624 domum.
638 2559 702 2623 Cui
716 2580 840 2643 parvus
854 2562 964 2644 littus,

96 2657 147 2720 cai
160 2671 268 2745 pater,
283 2672 315 2724 et
328 2662 450 2725 coniux
461 2664 631 2743 quondam
641 2671 697 2725 tua
708 2663 797 2727 dicta
806 2662 1004 2745 relinquor?

127 2764 213 2827 Talia
220 2765 406 2829 vociferans
417 2765 541 2851 gemitu
553 2774 675 2827 tectum
685 2784 787 2829 omne
795 2767 961 2848 replebat:

95 2868 167 2931 Cum
178 2872 322 2934 subitum
334 2869 492 2953 dictuque
503 2872 609 2945 oritur
618 2871 773 2935 mirabile
787 2883 983 2936 monstrum.

92 2975 227 3059 Namque
237 2998 356 3043 manus
368 2979 469 3062 inter,
483 2990 749 3059 maestorumque
759 2999 819 3042 ora
828 2982 1022 3069 parentum,
1077 3023 1081 3038 t

90 3078 162 3161 Eece
173 3084 252 3147 levis
261 3104 392 3147 summo
403 3086 444 3147 de
452 3085 574 3147 vertice
583 3083 671 3148 visus
681 3084 748 3146 Iiili

90 3182 225 3250 Fundere
238 3190 354 3251 lumen
367 3208 467 3272 apex,
479 3200 631 3269 tactuque
643 3188 782 3251 innoxia
795 3189 907 3253 mollis

90 3274 235 3359 lambere
248 3298 383 3359 flamma
397 3314 524 3377 comas,
536 3305 568 3357 et
581 3294 707 3357 circum
720 3284 871 3376 tempora
883 3293 984 3376 pasci.

90 3399 147 3464 Nos
158 3403 270 3485 pavidi
283 3402 447 3486 trepidare
460 3412 565 3484 nictu,
579 3401 772 3483 crinemque
783 3403 979 3487 flagrantem

88 3506 248 3592 Excutere,
257 3519 290 3573 et
303 3518 432 3572 sanctos
442 3508 647 3593 restinguere
656 3507 803 3571 fontibus
812 3507 916 3593 ignes.
931 3496 939 3509 ³

87 3611 123 3672 At
134 3590 222 3694 pater
230 3612 390 3677 Anchises
399 3610 514 3676 oculos
527 3615 571 3675 ad
582 3612 691 3677 sidera
706 3615 811 3679 laetus

87 3716 216 3802 Entulit,
232 3730 263 3784 et
278 3722 371 3783 coelo
380 3722 506 3803 palmas
517 3700 593 3782 <ium
603 3739 685 3783 voce
696 3720 849 3785 tetendit:

86 3818 221 3908 Iuppiter
234 3824 444 3911 omnipotens
453 3872 464 3913 ,
472 3826 625 3913 precibus
639 3825 667 3893 si
680 3828 818 3896 flecteris
831 3826 925 3912 ullis,
985 3906 1008 3918 ‚
