2809 4817
412 363 438 428 C
460 361 475 424 i
495 360 526 423 lt
545 361 561 421 1
580 359 613 424 S.
652 379 685 423 v.
707 363 778 437 436.
1022 366 1084 446 269

112 514 193 578 Non
210 499 318 578 metus
331 509 501 574 incensam
513 510 623 594 potuit
633 511 779 576 retinere
796 511 954 578 Deorum.

111 616 243 682 Omnia
252 615 356 679 vineit
367 616 574 698 amorsquid
589 615 681 680 enim
690 635 762 682 non
772 616 919 693 vinceret
930 618 1014 684 ille?-
1133 632 1137 640 '

113 727 194 788 Non
213 724 298 787 mihi
312 724 380 786 iam
391 723 511 811 pingui
524 725 693 790 sudabunt
708 735 859 808 tempore
868 729 1029 812 myrrha,

112 823 277 919 Pmnuha
285 854 347 896 nee
357 843 462 896 castos
471 835 628 898 accendet
644 833 745 916 pinus
764 836 903 917 odores,
953 885 956 897 .
1010 895 1019 918 .‚

116 943 185 1004 Nec
196 937 300 1021 libys
312 936 447 1022 Assyrio
463 948 628 1004 sternetur
639 940 782 1003 lecterius
799 950 900 1006 ostro.

115 1051 242 1136 Magoa
251 1043 390 1127 queror:
403 1064 467 1109 neo
476 1055 509 1108 et
519 1043 579 1109 iila
591 1045 726 1127 quidem
739 1049 925 1115 eommunis
936 1051 1075 1130 alumna}
1155 1065 1156 1071 ’
1176 1109 1180 1116 .

116 1152 285 1217 Omnibus
298 1150 420 1215 iniecta
431 1153 530 1217 tellus
544 1153 722 1216 tumulabit
737 1173 848 1216 arena.
879 1179 886 1190 ·

115 1260 218 1321 Mene
230 1255 318 1318 inter
328 1253 479 1338 comites,
497 1255 763 1337 anciliarumque
783 1267 943 1322 catervas*
969 1259 975 1269 ⁶
1072 1265 1078 1275 '

114 1359 310 1426 Menealias
318 1360 423 1443 inter,
440 1361 642 1444 famularum
660 1380 799 1424 munere
817 1363 930 1450 fungi,

116 1463 277 1551 Coniugis
290 1474 390 1546 atque
406 1473 499 1547 tuae,
518 1453 736 1546 quaeeunque
746 1465 808 1528 erit
822 1466 899 1548 illa,
918 1469 1038 1532 beatae

114 1571 192 1633 Non
208 1567 305 1631 linuit
319 1567 477 1655 gravidos
493 1547 598 1652 perne
613 1571 798 1634 devolvere
811 1571 899 1636 fusos
909 1574 931 1635 i·

114 1673 256 1742 Atheni
273 1658 576 1755 saltemoaptiram
590 1674 665 1759 lege
682 1693 844 1739 necesses.

116 1776 190 1838 Iam
200 1774 303 1838 fessae
319 1777 453 1838 tandem
466 1774 603 1862 fugiunt
619 1777 660 1840 de
674 1797 814 1860 corpore
825 1777 930 1869 sires,

116 1879 158 1940 Et
169 1887 269 1960 eaput
282 1876 401 1963 inflexa
415 1880 543 1942 lentum
554 1881 681 1944 oervioe
695 1873 877 1961 reoumuit3

116 1987 307 2050 Marmorea
319 1984 536 2066 adductisque
546 1987 719 2049 labascunt
732 1990 868 2051 brachia
883 1987 990 2053 north.

117 2093 311 2172 aequoreae
325 2099 444 2173 pestes,
459 2081 620 2154 immania
636 2111 776 2174 corpora
788 2093 900 2174 Ponti,
1027 2098 1084 2173 451
1165 2071 1173 2099 ⁴

117 2193 276 2276 Undique
286 2195 506 2278 conveniunt,
518 2205 551 2258 et
559 2198 680 2283 glauco
690 2195 728 2256 in
737 2195 869 2281 gurgite
878 2196 1005 2260 circum

117 2304 266 2367 Verbere
276 2303 455 2365 caudarum
469 2294 569 2384 etque
578 2302 646 2366 oris
657 2300 854 2366 minitantur
867 2302 970 2369 hieto.
1072 2369 1076 2378 ,

117 2410 189 2471 Iam
202 2408 443 2470 tandem-casus
452 2401 645 2487 hominurn,
656 2407 724 2470 ism
738 2406 878 2490 respice,
890 2406 1009 2472 Minos.

118 2512 166 2574 Sit
176 2510 254 2574 satis
265 2510 346 2592 hoe,
357 2519 485 2574 tuntum
498 2513 608 2579 solam,
619 2510 739 2574 vidisse
752 2513 934 2576 malorum:
1046 2528 1048 2535 ·

118 2620 182 2683 Vel
195 2617 266 2681 fato
282 2617 382 2680 fuerit
396 2616 494 2680 nobis
506 2619 589 2680 haee
602 2617 713 2680 debita
727 2617 842 2698 pestis,
925 2678 928 2687 ,
947 2679 950 2689 ,

118 2722 183 2784 Vel
197 2738 272 2783 casu
289 2717 438 2801 incepto,
450 2718 567 2782 merite
579 2720 633 2782 rel
650 2719 795 2800 denique
807 2721 917 2802 eulpa.

92 2818 93 2823 ¹
120 2825 244 2890 Omnia
257 2844 336 2886 nam
349 2822 475 2906 potius,
489 2843 590 2905 quarn
605 2833 638 2888 te
650 2823 797 2904 laesisse,
811 2827 945 2906 putabo.

158 2933 436 3014 Labiturinterea
449 2936 600 2998 revoluta
614 2935 657 2998 ab
671 2933 772 2998 litore
786 2933 912 3017 classis,
1019 2925 1023 2932 ’

119 3043 244 3125 Magna
258 3037 431 3120 repentino
445 3037 620 3100 sinuantur
633 3037 736 3100 lintea
747 3037 848 3118 Coro,
950 3095 952 3105 ,

119 3139 278 3204 Flectitur
289 3139 326 3202 in
336 3138 436 3200 viridi
450 3159 561 3203 remus
573 3142 657 3221 sale,
667 3139 830 3224 languida
843 3140 945 3204 fessae

119 3246 270 3334 Virginis
282 3245 319 3310 in
332 3267 428 3310 cursu
441 3245 583 3310 moritur
595 3249 806 3329 querimonia
821 3251 935 3335 longo.

119 3351 249 3415 Deserit
264 3349 412 3437 angnastis
423 3350 591 3415 inclusum
602 3351 753 3417 faucibus
766 3355 929 3433 Isthmon,

121 3455 321 3540 Cypselidae
333 3454 448 3544 magni
460 3456 610 3519 florentia
624 3478 726 3544 regna
738 3456 906 3535 Corinthi3

120 3559 280 3624 Praeterit
294 3563 451 3643 abruptas
462 3560 605 3637 Scironis
615 3561 768 3644 protinus
781 3561 892 3642 arcis,.

118 3669 345 3751 Infestumque
358 3670 426 3734 suis
441 3669 534 3733 dirae
549 3669 722 3734 testudinis
736 3667 802 3731 exit

119 3775 313 3858 Spelaeum,
328 3780 501 3858 multoque
513 3787 665 3842 eruentes
676 3774 808 3858 hospite
823 3778 941 3836 cautes.

207 3873 291 3945 Virgil
311 3875 370 3933 Vol.
383 3877 418 3930 ii,
764 3935 767 3942 ¹
807 3889 841 3936 24
