2809 4817
251 452 256 459 ’
312 433 518 507 LIBER
555 434 656 515 v'11..
688 464 720 508 v.
744 462 811 527 ²47·
981 468 1040 535 179

75 585 166 649 More
178 582 275 647 daret
284 584 433 668 populis3
451 593 699 667 sceptrumque,
713 604 871 669 sacerque
885 586 999 673 tiaras,
1029 666 1032 680 Λ

76 690 286 769 Iliadumque
299 689 397 753 labor
410 697 524 753 vestes.
778 709 782 713 ·

113 792 253 857 Talibus
268 790 389 855 llionei·
398 792 493 855 dicds
507 787 614 855 delixa
628 790 767 859 Latinus
864 820 868 833 ¹

80 902 202 962 Obtutu
215 908 305 961 tenet
314 918 386 981 ora,
397 898 534 981 soloque
545 900 728 965 immobilis
743 904 875 985 haeret,

79 1009 222 1071 Intentos
234 1009 372 1071 volvens
385 1008 507 1071 oeulos.
522 1009 588 1071 Nec
604 1026 755 1091 purpura
769 1027 884 1093 regem
970 1075 973 1079 ,
1011 1069 1013 1076 .

81 1108 165 1171 Picta
176 1116 304 1189 movet,
320 1128 381 1171 nee
391 1117 519 1191 secptra
530 1121 665 1173 movent
678 1110 996 1194 emmeramum,

83 1216 246 1299 Quantum
257 1214 294 1277 in
305 1213 473 1277 connubio
482 1224 578 1278 natae
589 1217 800 1295 thalamoque
811 1228 978 1298 moratum

84 1318 120 1379 Et
130 1318 248 1381 veteris
264 1316 368 1379 Fauni
386 1316 492 1379 volvit
507 1320 569 1380 sub
583 1328 718 1399 pectore
731 1329 863 1384 sortem.

85 1424 174 1486 Hunc
187 1422 287 1487 illum
301 1423 376 1487 fetis
392 1434 527 1485 externa
545 1426 587 1487 ab
600 1427 677 1487 sede
689 1426 876 1508 profectum

87 1531 232 1595 Portendi
241 1546 416 1617 generum,
433 1532 633 1617 paribusque
647 1532 682 1595 in
697 1550 802 1620 regna
814 1534 929 1599 vocari

89 1638 255 1721 Auspiciis3
270 1638 348 1703 huic
360 1638 556 1724 progeniem
574 1640 693 1703 virtute
706 1641 742 1703 fu
747 1651 855 1703 turam

89 1740 269 1827 Egregium,
288 1750 393 1805 totum
404 1756 489 1827 quae
499 1740 625 1805 viribus
641 1751 781 1825 occupet
793 1744 921 1805 orbem.

91 1842 224 1911 Tandem
239 1850 345 1909 laetus
360 1845 421 1908 aits
434 1838 476 1907 Di
492 1854 602 1909 nostra
618 1844 751 1929 incepta
764 1850 966 1931 secundent,

92 1936 330 2034 ingeniumque
340 1948 456 2013 suum!
475 1947 630 2028 Dabitur,
643 1947 802 2031 Troiane,
815 1952 906 2029 quod
913 1957 1018 2033 optas.

93 2052 217 2115 llunera
232 2073 297 2115 nec
308 2072 439 2135 sperno.
457 2054 531 2113 Non
544 2051 653 2133 vobis,
673 2070 752 2137 rege
763 2052 900 2135 Latino,
978 2056 1036 2117 ads

94 2156 195 2222 Divitis
208 2162 296 2222 uber'
306 2156 378 2245 agri
388 2156 550 2220 Troiaeve
566 2155 739 2239 opulentia
755 2156 870 2218 deerit.

95 2258 156 2343 lpse
165 2266 264 2327 modo
281 2264 421 2345 Aeneas,
442 2260 547 2325 nostri
559 2259 588 2323 si
603 2267 693 2322 tanta
710 2260 832 2341 cupido
849 2269 918 2342 est,

95 2365 122 2425 Si
133 2367 218 2457 iungi
228 2368 374 2453 hospitio
387 2375 562 2451 properat,
584 2364 757 2447 sociusque
774 2365 902 2446 vocari,

97 2462 261 2546 luventas
273 2470 382 2533 voltus
392 2488 477 2531 neve
495 2462 702 2529 exhorrescat
717 2467 851 2531 amieos.

98 2566 160 2631 Pars
174 2572 256 2635 mihi
273 2570 364 2655 pacis
381 2570 445 2633 erit
460 2571 609 2633 dextram
626 2568 769 2655 tetigisse
783 2569 931 2654 tyranni.

99 2676 152 2739 Vos
162 2692 272 2743 eontra
286 2678 357 2765 regi
371 2698 444 2743 men
463 2698 552 2739 nune
566 2680 722 2740 mandata
736 2667 865 2741 referte.

99 2781 334 2869 lstmibinata,
348 2783 421 2847 viro
433 2782 539 2869 gentis
550 2798 651 2863 quam
667 2783 803 2870 iungere
819 2792 969 2868 nostrae,

100 2886 160 2951 Non
167 2892 272 2973 patrio
286 2912 328 2955 ex
342 2893 445 2974 adyto
455 2900 580 2971 sortes,
597 2904 666 2952 non
677 2890 823 2973 plurima
835 2891 929 2953 coelo

100 2994 228 3061 Monstra
240 2998 368 3062 sinunt:
384 3014 523 3083 generos
538 2998 683 3061 externis
693 2994 808 3061 adfore
823 2997 957 3079 aborb,

101 3094 159 3160 Hoc
169 3102 260 3165 Latio
273 3112 395 3167 restare
412 3108 550 3183 canunt,
569 3099 628 3181 qui
642 3100 805 3185 sanguine
814 3109 967 3162 nostrum

101 3197 211 3269 Nomen
223 3206 259 3269 in
273 3215 360 3269 astra
369 3205 485 3267 ferant.
505 3206 604 3267 Hune
618 3203 715 3267 illum
731 3221 867 3286 poscere
880 3202 950 3265 fata

101 3303 133 3370 Ei
143 3332 227 3397 reor,
240 3322 289 3397 et,
304 3312 333 3379 si
349 3308 430 3394 quid
443 3308 515 3373 veri
533 3330 626 3372 mens
641 3318 796 3395 augurat,
808 3317 899 3391 opto.
970 3350 976 3359 ·
1051 3315 1055 3323 ’
1087 3376 1091 3383 ,

102 3410 318 3501 Haeoeffatus,
337 3434 439 3498 equos
451 3430 591 3479 numero
603 3422 697 3496 pater
709 3410 802 3499 eligit
814 3408 917 3473 omni.

102 3518 217 3591 Stabant
229 3536 278 3589 ter
292 3532 426 3589 eentum
440 3518 540 3583 nitidi
551 3518 589 3580 in
599 3516 811 3601 praesepibus
823 3513 919 3578 altiss

104 3620 250 3693 Omnibus
260 3629 429 3711 extemplo
439 3622 574 3688 Teneris
586 3614 678 3687 iubet
690 3619 807 3684 ordine
824 3616 903 3684 duci

104 3724 239 3799 lustratos
252 3742 341 3797 ostro
355 3731 499 3815 alipedes
510 3727 672 3813 pictisque
684 3724 812 3809 tapetis.

104 3836 195 3909 Aurea
206 3841 393 3929 protorum
408 3838 548 3917 demisse
562 3836 699 3903 monilia
716 3837 882 3923 pendente
