2809 4817
376 318 479 432 so·
582 406 589 413 ·
677 365 1032 466 ΑΕΝᾙΙΒΟΒ
1178 374 1304 444 uoq&

373 508 537 593 Substitit,
548 512 646 590 atque
660 514 755 570 utero
767 505 913 571 sonitum
926 499 1043 587 ¹quater
1052 522 1148 569 erma
1157 506 1291 570 dedere.

372 619 537 681 Instemus
549 621 660 675 tamen
674 610 886 675 immemores
898 612 1055 693 caecique
1068 612 1197 695 furore,

372 722 414 785 Et
426 727 611 783 monstrum
623 715 742 781 infelix
756 723 882 780 sacrata
896 713 1041 789 sistimus
1054 734 1143 777 arce.

372 826 468 886 Tunc
481 822 580 885 etiam
592 820 669 885 fatis
678 818 788 903 sperit
796 819 980 881 Carandra
992 817 1114 881 futuris

374 930 460 1011 Ora,
471 926 534 991 Dei
549 926 639 991 iussu
654 944 727 988 non
740 944 890 1006 umqum
905 924 1030 987 credite
1037 924 1185 1006 Teucris.

372 1034 439 1096 Nos
449 1032 588 1095 delubra
598 1030 710 1095 Derim
721 1028 850 1111 miseri,
864 1029 986 1111 quihus
999 1030 1136 1095 ultimus
1152 1036 1237 1097 esset
1295 1100 1299 1105 ,

370 1140 433 1201 Ille
446 1138 532 1219 dies,
541 1138 622 1202 festa
630 1138 780 1200 velamus
792 1135 910 1198 fronde
921 1156 982 1219 per
996 1116 1125 1197 urbeni.

371 1245 520 1309 Vertitur
529 1244 656 1309 interca
667 1245 815 1324 coelum,
827 1253 859 1305 et
873 1242 940 1305 ruit
952 1261 1079 1305 oceano
1091 1260 1174 1322 nox,

369 1352 548 1415 Involvens
561 1354 680 1415 umbra
692 1370 815 1436 magna
832 1359 1020 1429 terramque
1032 1349 1237 1430 polumque,

260 1486 265 1499 ι
369 1452 689 1534 Myrmidonumque
702 1453 812 1515 dolos:
823 1452 889 1515 iusi
902 1473 963 1534 per
978 1451 1112 1514 moenia
1120 1446 1245 1514 Teucri

370 1558 583 1635 Conticuerc;
597 1576 697 1639 sopor
708 1557 809 1620 fessos
819 1557 1050 1641 complectitur
1061 1552 1168 1623 artus(

409 1660 450 1717 Et
462 1658 530 1721 iam
539 1659 663 1746 Argiva
677 1660 825 1741 phalanx
835 1660 1002 1723 instructis
1011 1660 1154 1724 navibus
1165 1658 1242 1723 thar

255 1807 262 1817 .
309 1842 313 1851 ι
368 1761 686 1844 ATenedo,tacitae
699 1782 760 1845 per
773 1763 880 1826 amica
894 1762 1024 1827 silentia
1037 1765 1152 1845 lunae,

367 1866 479 1930 Litora
493 1879 572 1932 nota
582 1878 697 1951 petens
708 1889 717 1930 τ
730 1872 879 1933 flammas
896 1890 972 1931 cum
986 1868 1080 1955 regia
1091 1868 1215 1951 puppis

367 1972 554 2050 Extulerat;
571 1971 712 2053 fatisque
724 1972 834 2036 Dedm
847 1974 1001 2038 defensus
1012 1973 1154 2056 iniquis,

365 2076 514 2163 Inclusus
527 2086 622 2138 utero
631 2078 765 2141 Danaos
775 2087 808 2139 et
817 2078 918 2160 pinea
935 2077 1053 2149 furtim
1277 2075 1330 2139 att

365 2179 469 2240 Laxat
485 2179 626 2241 claustra
636 2178 740 2243 Sinon
750 2202 759 2243 ε
769 2179 845 2244 illos
858 2172 1038 2263 patefactus
1052 2182 1097 2244 ad
1108 2198 1207 2243 auras

364 2284 488 2348 Reddit
504 2305 624 2365 equus;
636 2285 782 2367 laetique
797 2306 922 2349 cavose
937 2288 1058 2349 robore
1074 2289 1238 2367 promunt

364 2390 591 2453 Thessandrus
601 2389 841 2469 Sthenelusque
853 2392 969 2471 duces,
983 2398 1015 2451 et
1024 2388 1117 2453 dirus
1129 2385 1261 2467 Ulixes,

363 2494 553 2558 Demissum
561 2492 645 2574 lapsi
655 2510 716 2575 per
724 2493 851 2575 funem,
863 2498 1081 2577 Acamasque,
1093 2493 1288 2575 i‘hoasque,

359 2596 1210 2681 PelidesqueNeoptolemus,primusqueMaohaou,

362 2702 403 2763 Et
412 2692 642 2799 Mepelau's,et
653 2699 724 2782 ipse
733 2699 804 2763 doli
815 2700 994 2765 fabricator
1004 2704 1122 2785 Epeos.

361 2804 530 2893 Invadunt
545 2805 663 2867 urbem
673 2824 793 2871 somno
805 2805 954 2888 vinoque.
964 2802 1127 2897 sepultam
1136 2791 1157 2885 ξ

362 2914 553 2975 Caeduntur
564 2912 696 2999 vigiles,
707 2911 877 2996 portisque
890 2914 1079 2997 patentibus
1089 2907 1200 2984 omnis
1214 2983 1221 2993 ,

299 3057 301 3061 -
359 3021 538 3105 Accipiunt
549 3024 669 3106 socios,
683 3034 783 3105 etque
796 3025 931 3110 agmina
947 3026 1078 3089 conscia
1092 3013 1251 3113 iungunt·

376 3132 380 3141 '
400 3128 545 3209 Tempus
556 3137 638 3211 erat,
649 3147 716 3209 quo
728 3126 838 3210 prima
851 3127 944 3207 quies
954 3129 1151 3210 mortaiibus
1160 3128 1271 3215 aegris

360 3228 496 3315 Incipit,
509 3242 541 3294 et
555 3234 644 3295 dono
655 3232 779 3294 Divom
791 3232 1108 3318 gratissimaserpit.

275 3353 278 3362 '
359 3340 400 3400 In
411 3338 551 3421 somnis,
566 3360 658 3421 ecce,
674 3348 751 3401 ante
764 3340 877 3401 oculos
887 3338 1122 3421 maestissimus
1131 3340 1259 3403 Hector

250 3444 253 3457 '
358 3440 456 3507 Visus
469 3445 581 3507 adesse
596 3442 699 3525 mihi,
717 3443 893 3527 largosque
907 3437 1078 3526 effundere
1091 3446 1204 3525 fletus,

357 3552 518 3631 Raptatus
529 3546 617 3634 bigis
625 3557 663 3611 ut
680 3550 866 3630 quondam,
877 3560 1014 3631 aterque
1028 3561 1166 3617 cruento

254 3710 258 3719 ,
358 3653 514 3734 Pulvere,
525 3672 650 3734 perque
660 3657 761 3746 pedes
774 3655 925 3717 traiectus
936 3656 1011 3717 lora
1026 3656 1194 3740 tumentis.

358 3756 424 3821 Hei
437 3757 535 3861 mihi,
551 3759 659 3840 qualis
672 3764 760 3825 erat!
772 3771 933 3842 quantum
946 3772 1090 3829 mutatus
1104 3764 1146 3825 ab
1160 3761 1222 3825 illo
1301 3788 1304 3793 ·
