2809 4817
371 390 430 452 aad
674 374 1027 445 anumnos
1168 386 1291 465 napo.

369 538 465 601 Solus
479 527 538 616 qul
550 528 700 593 Paridem
714 528 828 593 solitus
846 528 1046 591 contendere
1063 515 1199 606 contre,

368 638 848 721 Idemqueadturnnlum,quo
860 636 1323 717 mnxumusoccunrfflector,
1379 701 1380 706 ,

368 746 536 814 Victorem
550 748 655 806 Buten
672 738 812 804 immani
833 727 992 823 corpore,
1008 738 1134 821 quise,
1197 727 1201 733 ⁵

368 853 530 935 Bebrycia
547 851 684 914 veniens
700 849 820 931 Amyci
836 850 879 910 de
897 857 1016 933 gente,
1029 848 1173 929 ferebat,

368 958 527 1038 Perculit,
542 966 575 1019 et
583 956 676 1018 fulva
693 951 932 1016 moribundum
945 950 1094 1016 extendit
1106 950 1221 1016 arena·

368 1060 458 1125 Talis
475 1060 583 1144 prima
600 1062 702 1123 Dares
717 1067 817 1141 caput
831 1056 935 1119 altum
952 1056 988 1120 iu
1004 1054 1133 1140 proelia
1146 1058 1251 1141 tollit,

370 1168 586 1247 Ostenditque
598 1168 755 1229 humeros
769 1167 870 1244 latos,
881 1146 1074 1245 alternaque
1090 1166 1194 1228 iactat

367 1270 505 1332 Brachia
514 1272 733 1353 protendens,
750 1270 946 1331 reverberat
963 1266 1087 1330 ictibus
1100 1286 1213 1331 auras.

369 1363 547 1461 Quaeritur
562 1375 640 1437 huic
658 1358 761 1437 aliusa
777 1392 838 1435 uec
850 1370 1027 1453 quisquam
1038 1392 1078 1436 ex
1092 1373 1231 1460 agmine
1240 1376 1319 1437 tauto

257 1560 260 1566 Ι
367 1486 474 1547 Audet
486 1484 579 1547 adire
589 1484 717 1566 virum,
733 1482 952 1561 manibusque
967 1480 1126 1546 iuducere
1145 1494 1261 1547 cestus.

367 1592 455 1676 Ergo
467 1590 603 1671 alacris,
615 1598 815 1668 cunctosque
824 1596 944 1671 putans
955 1590 1121 1650 excedere·
1128 1567 1266 1672 palma,

366 1698 499 1759 Aeneae
512 1692 600 1758 stetit
616 1702 692 1755 ante
701 1693 818 1775 pedes3
835 1712 897 1755 nee
907 1692 1007 1774 plura
1018 1701 1187 1775 moratus,
1269 1723 1272 1736 =

252 1870 255 1879 ¹
366 1800 454 1861 Tum
472 1800 566 1863 laeva
577 1808 709 1860 taurum
728 1816 832 1860 cornu
852 1806 957 1878 tenet,
975 1804 1075 1879 atque
1088 1798 1135 1861 ita
1146 1798 1253 1863 fatur:

328 1910 330 1915 '
366 1904 449 1966 Nate
464 1904 551 1982 Dea,
565 1901 702 1966 sinemo
711 1904 813 1964 audet
824 1922 859 1964 se
877 1904 1011 1965 credere
1025 1922 1178 1990 pugnae,
1274 1926 1278 1931 ’
1379 1905 1380 1908 ’

367 2012 463 2094 Quae
475 2009 549 2073 finis
560 2010 690 2073 standi?
703 2028 771 2090 quo
784 2030 839 2072 me
852 2011 946 2073 decet
961 2029 1067 2089 usque
1082 2008 1212 2071 teneri?

366 2112 496 2178 Ducere
513 2114 602 2179 dona
618 2113 707 2177 iube.
727 2114 846 2178 Cuncti
859 2113 959 2177 simul
973 2134 1033 2177 ore
1051 2114 1240 2177 fremebant
1267 2109 1317 2175 386

366 2219 594 2301 Dardanidae,
610 2219 773 2301 reddique
787 2221 861 2284 viro
878 2218 1040 2302 promissa
1056 2220 1230 2283 iubebant.

365 2315 432 2387 Hic
440 2323 549 2411 gravis
563 2324 729 2386 Entellum
743 2323 839 2388 dictis
852 2326 986 2413 castigat
1002 2329 1152 2408 Acestes,

365 2436 550 2494 Proxumus
564 2440 601 2493 ut
612 2430 778 2494 viridante
793 2442 866 2495 toro
875 2434 1072 2499 ‘consederat
1084 2435 1229 2498 herbaea

365 2536 507 2617 Entello,
522 2538 663 2597 heroum
677 2539 846 2615 quondam
861 2538 1036 2602 fortissime
1046 2540 1187 2621 frustra,

365 2632 514 2697 Tantane
532 2646 600 2699 tam
617 2636 746 2719 patiens
764 2641 859 2703 nullo
874 2641 1055 2704 certamine
1068 2641 1151 2705 tolli

364 2739 462 2800 Dona
473 2739 584 2802 sines?
598 2739 657 2802 uhi
670 2762 760 2803 nunc
770 2742 865 2805 nobis
875 2746 966 2807 Deus
976 2744 1050 2826 ille,
1062 2746 1221 2832 magister

247 2853 252 2857 ’
289 2862 292 2873 ⁴
365 2840 597 2921 Nequidquam
605 2853 815 2925 memoratus,
828 2846 940 2928 Eryx?
955 2847 1112 2909 ubilama
1120 2863 1316 2930 peromnem

365 2944 590 3027 Trinacriam,
603 2957 635 3008 et
644 2948 751 3030 spolia
763 2950 823 3012 illa
840 2951 905 3013 tuis
919 2953 1100 3035 pendentia
1116 2957 1233 3021 tectis?

364 3051 425 3111 Ille
439 3052 500 3113 suh
517 3053 613 3113 haece
630 3054 704 3115 Non
714 3054 822 3116 laudis
833 3074 940 3140 amor,
954 3080 1016 3121 neo
1025 3061 1132 3145 gloria
1142 3063 1239 3128 cessit
1346 3068 1356 3105 ¹¹

364 3158 461 3221 Pulsa
473 3169 578 3237 metu3
592 3160 650 3221 sed
667 3158 756 3222 enim
769 3161 900 3245 gelidus
917 3166 1068 3228 tardante
1083 3179 1218 3231 senecta

363 3260 502 3353 Sanguis
511 3268 625 3349 hehet,
639 3266 827 3354 frigentque
844 3266 960 3334 efferae
971 3271 1008 3333 in
1025 3290 1165 3354 corpore
1178 3274 1272 3336 siren
1367 3256 1376 3267 ¹

363 3374 397 3437 Si
405 3376 505 3453 mihi,
516 3398 600 3457 quae
611 3380 780 3457 quondam
790 3378 909 3460 luerat,
922 3400 1054 3461 quaque
1064 3381 1237 3464 improbus
1247 3381 1303 3446 iste

363 3458 509 3542 Exsultat
520 3480 643 3564 fidens,
657 3482 685 3546 si
701 3505 792 3545 nunc
804 3484 889 3547 foret
902 3485 963 3548 illa
976 3486 1143 3567 iuventam

363 3584 463 3645 Haud
473 3586 746 3670 equidempretio
756 3591 910 3655 inductus
923 3596 1131 3676 pulchroque
1149 3572 1288 3660 iuvenco

362 3686 548 3767 Venissem3
567 3712 629 3754 nec
641 3694 730 3757 dona
741 3714 862 3758 moror.
882 3697 935 3766 Sic
948 3698 1069 3760 deinde
1083 3700 1243 3784 locutus,
1258 3708 1262 3715 “

361 3796 401 3859 In
418 3796 565 3865 medium
575 3798 726 3887 geminos
745 3785 885 3865 immani
893 3807 1048 3901 pondere.
1056 3817 1167 3872 cestus
