2809 4817
401 454 780 521 asueroos.
1056 473 1078 539 7

110 598 236 665 rerrinrs
251 596 399 683 Polydori
411 619 429 663 ι
441 598 672 685 Polymnestore
691 619 771 665 caesi
761 599 945 687 prodigiis,
959 601 1074 669 Delum

110 694 214 775 petits
227 712 323 803 --77¹
338 694 553 779 Consultoque
572 694 612 757 ibi
627 693 775 803 Apollinis
786 695 924 771 oraculo,
937 715 1008 761 cum
1019 716 1077 759 an·

109 787 229 871 tiquam
242 805 347 870 gentis
352 804 572 863 suaematrem
586 789 647 850 hoc
655 801 716 861 est
728 807 854 870 primam
866 808 992 873 ongtnrs
1002 808 1076 855 suae

108 897 224 945 terram
235 883 431 965 repetendam
442 880 606 957 dtdrcrsset
622 878 860 945 fslsaAnchisae
873 888 967 967 patris
981 886 1076 950 iuter·
1166 934 1173 940 -

108 975 285 1078 pretatione
304 973 472 1049 adductus,
497 972 622 1043 Cretam
641 973 930 1039 contendit-120.
954 977 1074 1043 Verum
1151 1040 1154 1046 .

108 1059 184 1131 cum
203 1069 247 1131 ibi
262 1087 410 1152 quoque,
422 1067 525 1151 positis
540 1069 600 1131 iam
613 1067 771 1131 moenibus
778 1087 974 1151 pravissima
985 1088 1075 1179 peste

108 1160 336 1241 exagitaretur,
351 1162 384 1221 in
406 1162 519 1225 somnis
535 1160 670 1225 monitus
688 1179 707 1221 a
723 1158 791 1224 Diis
805 1160 985 1239 Penatibus,
1003 1152 1075 1227 reli·

107 1268 161 1317 cta
175 1250 288 1327 Creta,
307 1252 420 1321 ltaliam
440 1253 559 1335 petit
577 1273 643 1333 ιρι.
665 1250 945 1317 lbismttooborra
959 1270 1074 1339 tempe·

107 1361 216 1420 seete,
233 1345 363 1427 primum
381 1346 418 1407 ad
428 1344 614 1431 Strophades
631 1344 743 1409 insulas
755 1345 919 1429 appulsus,
937 1346 977 1409 ab
993 1349 1074 1411 llar-
1103 1380 1107 1386 ·

107 1438 197 1523 pyiis
207 1436 366 1502 infestatur
379 1435 501 1519 ussup.
527 1434 603 1503 Mox
622 1436 752 1503 Actium
768 1435 903 1513 delatus,
922 1438 957 1500 in
972 1439 1074 1501 Ιιοιιο-

106 1548 181 1593 rem
200 1528 348 1613 Apollinis
369 1529 457 1593 ludos
479 1526 611 1601 celebrat
626 1561 669 1583 -·
686 1550 755 1613 apos
788 1529 888 1605 Inde,
903 1528 1074 1612 Corcyram
1116 1582 1120 1589 .

104 1630 357 1703 praetervectus,
378 1620 500 1701 Epirum
521 1638 622 1687 tenet·
641 1640 720 1705 quae
737 1622 767 1685 id
784 1623 934 1705 temporis
950 1624 1071 1688 Heleno

103 1712 221 1781 Priami
235 1712 297 1805 lilio
317 1715 461 1799 parebat,
478 1717 529 1779 cui
546 1731 617 1799 post
634 1714 743 1799 Pyrrhi
759 1715 883 1781 medem
898 1717 1071 1782 Androma-

104 1806 200 1871 che·
192 1826 223 1868 m
247 1808 421 1896 coniugipm
449 1825 591 1871 cesserat
616 1808 753 1884 Helenus
779 1809 914 1874 Aeneam
938 1811 1072 1902 hospitio

103 1900 248 2005 exeipit·
257 1899 407 1983 omnique
418 1900 613 1969 humanitatis
633 1917 745 1983 genere
762 1893 1023 1985 complectitur,
1013 1924 1072 1966 ιιιι-

102 1992 351 2077 minentiumque
371 2011 452 2059 terta
468 1994 603 2077 narique
622 1993 825 2077 periculorum
847 1994 1072 2059 certioremfa-

98 2105 153 2153 err
161 2106 279 2166 -ιςος
300 2092 443 2165 Aeneas,
458 2088 561 2153 relicta
572 2089 682 2171 Eprro
696 2087 866 2155 Tarentum
886 2090 1072 2175 primamque
1207 2085 1212 2091 ’

50 2210 52 2217 >
102 2178 310 2255 Italieeoram
315 2196 570 2287 praeterveetus,
584 2182 700 2245 adeam
718 2182 835 2249 Siciliae
848 2203 981 2268 parient,
993 2208 1073 2271 quae
1108 2236 1114 2241 -

87 2274 233 2337 *Aetnae
252 2268 348 2339 munti
363 2274 499 2351 adiacet,
519 2274 693 2358 appellitur
711 2274 1003 2343 lbiAchemeniclem
1014 2284 1074 2355 ,ah

103 2364 274 2445 Ulyssem
288 2363 434 2449 Cyclopis
451 2385 541 2430 antro
564 2368 739 2442 desertum,
761 2368 924 2453 supplicem
947 2372 1072 2455 recipit,

105 2459 302 2541 'edoctusque
323 2460 361 2523 ab
378 2480 417 2523 eo
437 2461 481 2523 de
498 2460 673 2544 Cyclopum
698 2459 836 2539 feritate,
856 2463 926 2526 inde
944 2482 1074 2531 ancoras

106 2549 210 2613 solvit
227 2551 343 2619 -681
355 2569 538 2636 memorque
562 2569 795 2637 praeceptorum
816 2553 948 2630 Heleni
968 2555 1074 2621 uitatis

104 2638 282 2721 Charybdis
301 2656 334 2702 et
347 2640 466 2723 Scyllae
483 2642 644 2728 periculis,
662 2642 778 2707 Siciliae
797 2642 887 2710 litora
896 2644 1036 2727 longo
1010 2665 1074 2711 ctr-

105 2732 200 2797 cuitu
219 2732 455 2812 circumvectus,
478 2737 599 2798 tandem
620 2734 799 2843 Drepanum
818 2736 1000 2813 advehitur,
1020 2738 1074 2802 ubl

106 2824 277 2901 Anchises,
294 2841 364 2889 tum
370 2828 456 2891 senio
475 2844 543 2890 tum
559 2827 667 2909 longae
688 2816 903 2914 navigationis
907 2822 1073 2895 iactatione

106 2916 274 3000 fatigatus,
291 2917 371 2982 fatis
385 2920 527 2987 concedit
542 2952 584 2971 -
600 2937 669 3001 713·
686 2918 890 2988 Indeltaliam
903 2920 1077 3003 petiturus,
1109 2985 1113 2991 ,
1148 2962 1171 3000 ·:-

106 3010 242 3075 immissa
254 3012 291 3073 ab
309 3012 410 3074 Aeolo
432 3013 533 3079 subita
548 3027 730 3096 tempestate
741 3012 772 3075 in
784 3010 922 3076 Africam
937 3012 1073 3078 elicitur.

63 3145 77 3163 ·.
107 3122 204 3185 quam
216 3120 331 3186 partem
353 3102 433 3165 libro
449 3105 548 3187 primo
562 3120 724 3169 exsecutus
736 3117 803 3169 erat
815 3106 915 3186 poe'te.

156 3196 226 3265 ιιι.
246 3194 301 3258 lv.
328 3192 413 3259 Dido
439 3214 542 3260 amore
566 3196 690 3259 Aeneae
713 3194 887 3270 insaniens,
908 3196 1010 3259 ιιιίιιιί
1025 3198 1073 3259 sui

107 3288 250 3353 morbum
268 3289 368 3352 sorori
379 3288 495 3373 aperit:
512 3289 636 3373 eiusque
649 3290 809 3355 consilium
827 3306 948 3365 secuta,
961 3290 999 3351 ad
1010 3309 1072 3352 nu-

107 3384 189 3467 ptias
207 3383 344 3450 animum
362 3382 461 3445 atliicit
480 3381 865 3468 1-89.1uno'quoque,
877 3400 913 3446 ut
932 3385 1071 3449 Aeneam

105 3474 226 3541 facilius
241 3476 279 3547 ab
293 3476 380 3541 Italia
389 3470 566 3554 averteret,
575 3476 636 3560 agit
645 3496 718 3541 cum
730 3478 876 3551 Venere,
887 3490 922 3538 ut
935 3477 1001 3539 eius
1012 3476 1071 3539 bo·

105 3590 148 3637 ua
162 3590 231 3637 cum
246 3570 339 3651 venia
358 3569 446 3635 liceat
460 3570 585 3637 Aeneae
598 3568 706 3635 Elisam
718 3590 843 3637 uxorem
856 3570 980 3634 ducere:
994 3590 1072 3654 quo

107 3682 169 3746 que
182 3665 210 3727 id
225 3661 420 3731 commodius
437 3662 504 3729 fieri
521 3665 635 3748 possit,
650 3682 683 3727 se
703 3664 963 3748 opportunitatem
984 3663 1071 3727 obla.-

108 3774 205 3827 turatu
217 3748 400 3827 ostendit-Q·
415 3754 480 3831 128,
496 3756 640 3830 Postridie
651 3758 773 3822 Aeneas
786 3775 818 3825 et
829 3758 913 3820 Dido
921 3773 1068 3822 senatum

107 3850 358 3937 proficiscuntur·
390 3848 435 3915 lbi
458 3840 596 3935 omnibus
617 3853 676 3916 iam
697 3853 827 3937 praedae
851 3851 974 3917 intentis
993 3850 1074 3915 luno
1157 3914 1159 3916 ,
