2809 4817
279 312 286 321 ’
352 358 411 421 ,uo
651 338 1000 419 snnntnos
1166 307 1273 411 ess(

207 524 213 541 .
276 506 280 520 ·
349 488 1288 583 ΗωοωιῃιςωἧάωὲΑίηοη,Ενιηάζο,Ρυόιιᾰὶι
1377 589 1378 592 ¹

348 594 549 663 volneribus
562 596 694 679 pulsum
707 591 960 675 adspiciessnec
969 593 1091 676 sospite
1108 593 1219 659 dirum

351 699 490 783 Optabis
501 708 581 765 nato
593 698 691 767 funus
701 707 805 781 pater·
820 696 884 763 llei
899 695 998 777 mihi,
1011 706 1177 777 quantum

349 804 549 872 Praesidium
559 804 721 886 Ausonis,
731 814 765 869 et
775 811 941 884 quantum
953 811 987 869 tu
998 802 1121 887 perdis,
1133 804 1205 870 liele
1215 808 1224 866 1

388 910 478 972 Haec
489 907 549 970 ubi
565 906 715 989 deflevit,
725 905 800 969 tolli
812 904 1000 970 miserabile
1012 923 1132 991 corpus

270 1068 274 1081 .
347 1012 507 1094 Imperat,
517 1019 550 1097 et
560 1022 627 1075 toto
640 1014 743 1077 lectos
753 1032 795 1075 ex
806 1009 938 1099 agmine
949 1007 1053 1071 mittit

347 1116 442 1203 Mille
452 1115 556 1197 viros,
567 1114 625 1197 qui
637 1135 830 1199 supremum
845 1112 1044 1177 comitentur
1056 1113 1236 1194 honorem,

347 1217 566 1307 Intersintque
575 1219 678 1303 patris
691 1210 852 1295 lacrimis3
865 1216 983 1281 solatia
996 1217 1107 1281 luctus

347 1324 474 1413 Exigua
485 1324 643 1411 ingentis,
653 1323 774 1387 misero
786 1325 843 1387 sed
860 1320 971 1385 debita
982 1320 1081 1405 patri.
1106 1386 1128 1393 ,,

346 1434 446 1497 Haud
461 1452 575 1519 segnes
588 1432 648 1499 ulii
659 1430 756 1517 oratis
766 1440 798 1494 et
810 1431 911 1495 molle
928 1430 1087 1493 feretrum
1128 1478 1131 1481 .

345 1538 436 1601 Arbu
441 1538 499 1603 teis
511 1549 624 1604 texunt
633 1538 734 1625 virgis
743 1548 775 1603 et
785 1536 910 1602 vimine
923 1556 1066 1617 querno,

345 1644 599 1729 Exstructosque
613 1653 700 1709 toros
716 1646 853 1710 obtentu
869 1642 996 1710 frondis
1006 1640 1214 1713 inumbrant.

344 1736 410 1809 Hic
423 1744 575 1809 iuvenem
589 1746 709 1835 agresti
723 1745 901 1811 sublimem
912 1743 1069 1815 stramine
1083 1754 1231 1827 ponunts

345 1852 486 1933 Qualem
496 1851 646 1939 uirgineo
659 1854 843 1917 demessum
857 1851 977 1934 pollice
991 1852 1124 1934 florern,

241 2006 245 2013 .
344 1956 407 2017 Seu
424 1956 533 2019 mollis
542 1956 662 2039 violae,
673 1979 729 2023 seu
745 1957 930 2044 languentis
939 1955 1128 2040 hyacinthi3
1255 1958 1290 2039 69

289 2100 292 2107 ·
344 2056 406 2121 Cui
421 2080 527 2139 neque
541 2061 652 2149 fulgor
663 2064 940 2147 adhuc,uecduru
955 2080 1015 2127 sua
1026 2061 1132 2126 forma
1145 2058 1283 2137 recessit,

343 2164 417 2225 Non
433 2163 500 2229 iam
515 2178 620 2229 mater
635 2168 692 2231 alit
707 2170 819 2251 tellus,
831 2168 983 2247 viresque
994 2165 1170 2233 ministrat.

343 2268 429 2329 Tum
442 2268 589 2354 geminas
600 2270 708 2352 vestis,
721 2292 867 2351 auroque
876 2280 1030 2355 ostroque
1042 2270 1194 2365 rigentis,

341 2372 466 2436 Extulit
477 2377 613 2441 Aeneas:
625 2398 706 2457 quas
720 2377 772 2443 illi
788 2376 873 2444 laeta
884 2378 1040 2460 laborum
1128 2376 1133 2383 ’

341 2480 496 2561 Ipsasuis
508 2484 674 2562 quondam
687 2484 840 2573 manibus
851 2482 990 2550 Sidonia
1000 2482 1088 2570 Dido
1170 2464 1192 2537 ἰ

340 2586 486 2664 Fecerat,
498 2597 529 2649 et
543 2588 634 2665 tenui
648 2590 728 2653 telas
739 2589 937 2677 discreserat
946 2608 1041 2654 auro.

339 2692 467 2779 Ilarnnr
478 2715 578 2766 unam
590 2696 703 2763 iuveni
715 2718 905 2781 supremum
918 2706 1060 2762 maestus
1071 2698 1233 2761 honorem

338 2796 469 2879 Induit,
482 2819 674 2885 arsurosque
688 2822 802 2869 comas
811 2802 1103 2878 obnubilamictus
1221 2831 1226 2848 ·
1254 2876 1259 2887 ι

338 2901 509 2985 Multaque
519 2917 687 2995 praeterea
699 2906 873 2974 Laurentis
882 2905 1029 2992 praemia
1037 2926 1172 2991 pugnae
1185 2937 1192 2948 ·

338 3006 495 3088 Aggerat,
509 3017 541 3069 et
554 3009 655 3095 longo
666 3013 825 3098 praedam
838 3010 930 3077 iubet
943 3010 1059 3075 ordine
1070 3012 1159 3075 duci
1288 3011 1291 3020 “

338 3109 438 3173 Addit
453 3130 570 3195 equos,
581 3123 612 3177 et
627 3116 707 3198 tela,
718 3115 837 3202 quibus
847 3107 1045 3200 spoliaverat
1058 3119 1199 3181 hostem.

237 3260 240 3267 ι
337 3214 496 3283 Vinxerat
510 3229 541 3283 et
555 3231 629 3305 post
644 3232 738 3311 terga
751 3242 883 3305 manus,
894 3243 979 3305 ‚quos
993 3222 1136 3289 mitteret
1148 3220 1271 3289 umbris

337 3320 491 3405 Inferias,
503 3343 596 3420 caeso
610 3344 779 3407 sparsuros
792 3326 952 3415 sanguiue
964 3329 1152 3407 flammam
1211 3380 1224 3395 .

336 3426 537 3513 indutosque
552 3431 643 3497 iubet
661 3440 792 3503 truncos
804 3432 978 3509 hostilibus
990 3433 1092 3499 armis

338 3540 430 3623 Ipsos
441 3542 526 3610 ferre
539 3544 653 3631 duces,
664 3541 866 3625 inimicaque
874 3540 1012 3607 nomina
1024 3538 1092 3629 figi.

221 3634 227 3647 '
340 3639 479 3707 Ducitur
489 3642 604 3710 infelix
619 3664 700 3708 aevo
712 3646 878 3735 confectus
887 3648 1076 3729 Acoetes„
1159 3707 1163 3715 .

339 3750 474 3815 Pectora
484 3770 573 3841 nunc
588 3750 724 3819 foedans
738 3754 876 3846 pugnis,
887 3776 978 3825 nunc
993 3754 1166 3846 unguibus,
1176 3776 1253 3836 01⁸3
