2809 4817
331 391 536 457 LIBER
576 396 632 459 11.
671 414 799 461 storr-
1003 420 1045 489 49

79 538 184 612 Sibila
193 542 385 609 lambebant
401 542 525 632 linguis
538 538 744 612 vibrantibus
757 567 827 611 ora.

79 649 361 739 Diffugimusvisu
378 669 570 738 exsangues.
589 650 644 719 Illi
656 651 790 740 agmine
801 662 892 719 certo

80 754 266 819 Laocoonta
279 764 407 840 pemnt.
422 758 463 817 Et
476 755 623 839 primurn
632 774 737 840 parva
747 759 893 833 duorum

80 862 225 943 Corpora
242 870 400 923 natorum
415 881 551 943 serpens
569 864 742 945 amplexus
753 873 895 945 uterque

79 963 243 1047 Implicat,
254 975 286 1027 et
301 964 436 1029 miseros
450 984 560 1030 morsu
573 964 759 1048 depascitur
773 974 882 1045 actosa

80 1068 149 1130 Post
161 1066 289 1149 ipsum,
298 1064 428 1133 auxilio
439 1066 636 1133 subeuntem
647 1086 686 1129 ae
700 1069 766 1131 tela
780 1068 960 1152 ferentem,

81 1169 281 1253 corripiunt,
294 1156 460 1252 's'pirisque
472 1168 578 1253 ligant
590 1168 780 1255 ingentibus
790 1190 800 1248 ς
812 1181 844 1233 et
854 1171 929 1246 ,iam
963 1184 969 1193 '

80 1275 127 1339 Bis
140 1276 292 1341 medium
307 1272 467 1357 amplexi,
478 1273 529 1337 bis
545 1274 631 1337 collo
644 1292 802 1355 squamea
812 1274 940 1341 circum

81 1378 178 1466 Terga
193 1378 277 1460 dati,
289 1385 449 1460 superant
463 1376 571 1459 capite
581 1375 809 1441 etcervicibus
822 1378 908 1445 altis·

81 1484 134 1547 Ille
145 1482 246 1549 simul
259 1481 413 1547 manibus
426 1482 531 1547 tendit
548 1480 708 1545 divellere
723 1483 846 1565 nodos,

82 1588 226 1652 Perfusus
241 1585 338 1651 sanie
349 1585 446 1649 vittas
462 1594 601 1664 auoque
612 1602 759 1661 venetica

83 1694 240 1756 Clamores
258 1688 360 1755 simul
375 1690 560 1753 horrendos
576 1690 619 1750 ad
633 1688 744 1753 sidera
763 1687 865 1755 tollit:

83 1796 186 1881 Qualis
199 1796 364 1883 mugitus,
376 1792 461 1881 fugit
478 1814 556 1859 cum
570 1792 700 1859 saucius
716 1812 811 1857 aram

81 1900 218 1985 Taurus,
228 1912 262 1965 et
272 1902 434 1967 incertam
451 1898 592 1965 excussit
605 1900 734 1964 cervice
748 1899 905 1965 securim.

81 2009 115 2068 At
128 2008 252 2095 gemini
264 2011 360 2091 lapsu
372 2010 511 2073 delubra
526 2009 569 2073 ad
581 2028 712 2071 summa
731 2010 893 2071 dracones

81 2109 259 2201 Effugiunt,
272 2132 465 2197 saevaeque⁴
471 2122 588 2196 petunt
596 2111 780 2177 Tritonidis
797 2131 925 2191 arcem3
977 2113 1044 2175 aab

81 2221 138 2283 Sub
152 2220 357 2305 pedibusque
369 2222 461 2285 Deae
475 2217 641 2300 clipeique
653 2218 716 2279 sub
730 2218 811 2279 orbe
824 2226 992 2301 teguntur.

82 2327 157 2391 Tum
167 2348 247 2392 vero
261 2326 451 2391 tremefacta
470 2326 577 2389 nouus
593 2343 653 2406 per
669 2331 804 2405 pectora
818 2320 948 2390 cunctis

82 2432 217 2495 Insinuat
235 2452 360 2515 pavor3
376 2442 409 2495 et
421 2433 527 2495 scelus
540 2426 735 2511 expendisse
749 2434 934 2504 merentem

82 2540 257 2617 Laocoonta
272 2540 400 2621 lerunt,
412 2556 545 2603 sacrum
562 2534 621 2617 qui
634 2532 770 2617 cuspide
783 2534 889 2597 robur

82 2644 229 2727 laeserit,
241 2652 279 2706 et
295 2654 389 2729 tergo
405 2643 597 2705 sederatam
611 2637 778 2703 intorserit
787 2640 928 2719 bustam.

83 2750 265 2813 Ducendum
282 2752 327 2812 ad
336 2750 430 2813 sedes
440 2746 668 2828 simulacrum,
685 2746 878 2825 orandaque
887 2742 995 2809 Divae

84 2850 213 2917 Numina
232 2858 451 2919 conclamant.

85 2957 255 3026 Dividimus
270 2980 397 3043 muros,
408 2970 439 3024 et
454 2960 586 3028 moenia
603 2958 783 3043 pandimus
795 2954 900 3025 orbis.

86 3068 252 3157 lcdngmrt
267 3090 384 3147 omnes,
400 3070 508 3154 operi,
523 3069 730 3153 pedibusque
747 3076 898 3137 rotarum

85 3175 253 3240 subiiciunt
267 3158 394 3261 lapsus,
411 3188 442 3242 et
457 3188 596 3262 stuppea
611 3176 747 3239 vincula
761 3167 851 3241 collo

86 3276 255 3345 intendunt.
273 3284 407 3348 &andis
426 3283 534 3347 fatalis
549 3281 704 3345 machina
722 3298 855 3359 murco,

86 3382 147 3445 Feta
160 3382 269 3447 armis.
282 3385 382 3447 Pueri
399 3386 526 3449 circum
544 3382 772 3467 innuptaeque
788 3381 922 3464 puellae

87 3486 165 3550 Sacra
179 3498 317 3572 canunt,
332 3490 515 3571 funemque
530 3507 631 3550 manu
648 3478 841 3571 contingere
858 3484 1016 3571 gaudent.

87 3593 134 3656 illa
146 3597 246 3679 subit,
257 3594 452 3677 mediaeque
464 3593 595 3659 minans
605 3590 756 3656 illabitur
769 3584 859 3655 urbi.

88 3696 229 3780 Opatria,
240 3717 262 3760 o
272 3696 397 3761 Divom
406 3700 525 3763 domos
533 3695 650 3779 Ilium,
660 3702 693 3757 et
702 3693 829 3760 incluta
842 3691 934 3753 bello

85 3805 458 3891 MoeniaDardanidunrl
475 3800 591 3891 quater
603 3805 677 3891 ipso
691 3802 732 3869 in
742 3800 986 3901 limineportae

139 3908 216 3983 rapa
235 3910 347 3967 roan.
800 3923 819 3972 t
