2809 4817
371 430 428 495 ratt
672 398 1085 475 Aruernos.
1163 408 1288 468 mitt
1379 437 1381 452 ,

287 638 292 651 ,
353 555 742 645 Mandethumosolita3
756 558 826 629 aut,
843 546 871 611 si
887 564 954 627 qua
967 543 1004 605 id
1017 542 1162 603 Fortuna
1177 536 1314 619 vetabit,
1379 593 1380 626 ,

333 710 354 754 ι
369 672 505 745 Absenti
522 669 605 733 ferat
622 658 772 749 inferias,
792 657 988 731 decoretque
1003 648 1168 730 sepulcro.
1379 629 1380 632 '

372 788 442 848 Neu
457 773 554 843 matri
572 768 714 833 miserae
731 758 891 825 tamisim
905 773 1003 819 causa
1018 752 1159 817 dolorisz
1234 805 1242 817 ,

373 894 465 975 Quae
481 894 511 946 te
523 880 608 960 sola,
625 892 724 959 puer,
742 865 856 931 multis
875 885 896 926 e
913 859 1074 923 matribus
1091 877 1187 939 ausa,

372 984 593 1067 Persequitur,
608 974 722 1063 magni
734 990 802 1047 nec¹
815 965 949 1030 moenia
963 973 1057 1027 curat
1074 965 1221 1024 Acestae.

372 1099 434 1162 Ille
447 1101 574 1156 autem:
594 1086 715 1146 Causas
732 1074 960 1157 nequidquam
976 1068 1081 1132 nectis
1095 1066 1244 1149 inanis,¹

374 1204 440 1264 Nec
452 1214 526 1259 mea
539 1191 607 1253 iam
619 1193 745 1249 mutata
758 1184 833 1244 loco
843 1174 1006 1240 sententia
1018 1172 1114 1236 cedit.

374 1302 616 1374 Acceleremus,
636 1288 692 1353 ait.
708 1282 836 1371 Vigiles
851 1278 951 1343 simul
963 1274 1093 1339 excitat.
1107 1263 1166 1334 nti

375 1382 574 1479 Succedunt,
588 1406 786 1471 servantque
796 1381 898 1447 vices:
918 1379 1058 1445 statione
1075 1376 1193 1439 relicta
1292 1427 1294 1430 .

375 1515 448 1595 Ipse
465 1525 574 1572 comes
587 1501 666 1564 Niso
679 1494 845 1583 graditur,
858 1505 1036 1577 regemque
1050 1480 1236 1563 requirunt.

417 1621 533 1679 Cetera
544 1630 604 1693 per
618 1616 723 1666 terras
736 1596 845 1661 omnis
860 1589 1018 1655 animatia
1032 1605 1150 1651 somno

376 1721 546 1783 Laxabant
560 1731 653 1777 curas
671 1716 709 1770 et
719 1706 820 1767 corda
835 1699 940 1763 oblita
959 1697 1131 1783 laborum:

377 1822 537 1885 Ductores
549 1799 832 1891 Teucrdm‘primi
845 1850 855 1887 ,
869 1804 996 1865 delecta
1013 1798 1185 1876 iuventus,

378 1923 563 1990 Consilium
575 1915 713 1983 summis
727 1909 825 1997 regni
841 1910 884 1971 de
898 1909 997 1970 rebus
1009 1902 1198 1982 habebant,
1258 1939 1261 1942 ,

379 2033 470 2120 Quid
484 2031 645 2107 facerent,
665 2020 780 2103 quisve
797 2020 927 2080 Aeneae
943 2012 1011 2075 iam
1027 2006 1166 2072 nuntius
1177 2012 1274 2069 cesetr

380 2142 473 2203 Stant
489 2131 597 2220 longis
610 2126 728 2191 adnixi
743 2124 859 2205 hastis,
879 2132 912 2184 et
926 2128 1019 2183 scuta
1032 2123 1196 2193 tenentes,
1274 2124 1321 2189 naq
1379 2099 1380 2116 ²

381 2250 571 2310 Castrorum
587 2248 620 2303 et
638 2231 748 2321 campi
762 2233 882 2297 medio.
900 2232 987 2292 Tum
1000 2225 1097 2289 Nisus
1105 2231 1139 2286 et
1149 2241 1226 2287 una·

380 2348 546 2431 Euryalus
564 2342 736 2408 confestim
749 2340 873 2402 alacres
891 2330 1058 2397 admittier
1073 2334 1189 2391 orant:

381 2458 467 2518 Rem
483 2470 657 2536 magnam,
668 2444 876 2527 pretiumque
886 2454 1000 2501 morae
1011 2434 1094 2499 tore.
1108 2429 1242 2495 Primus
1249 2428 1324 2491 lidus
1379 2414 1380 2419 ¹

383 2558 518 2641 Accepit
529 2553 687 2637 trepidus,
699 2569 739 2612 ac
749 2548 864 2611 Nisum
875 2546 988 2608 dicere
1001 2540 1104 2605 iussit.

264 2670 267 2679 ’
383 2670 471 2733 Tum
488 2662 534 2731 sic
547 2656 760 2747 Hyrtacides:
779 2654 898 2719 Audite
913 2673 935 2716 o
949 2647 1116 2714 mentibus
1130 2642 1259 2725 aequis,

295 2845 297 2849 ,
386 2776 577 2851 Aeneadae3
596 2788 680 2833 neve
693 2768 777 2829 haec
794 2762 912 2826 nostris
926 2763 1114 2842 spectentur
1123 2753 1167 2813 ab
1180 2747 1286 2828 annis,

387 2890 481 2971 Quae
493 2882 641 2948 ferimus.
656 2873 772 2938 Rutuli
784 2891 902 2936 somno
918 2868 1064 2947 vinoque
1081 2858 1184 2927 soluti
1264 2887 1267 2891 ⁴
1321 2869 1327 2884 ‘
1379 2883 1380 2886 ¹

388 2991 602 3056 Conticuere:
618 2986 731 3047 Iocum
741 2977 869 3041 insidiis
881 2972 1111 3056 conspeximus
1129 2964 1210 3051 ipsi,

354 3160 358 3175 ,
388 3095 457 3182 Qui
474 3098 563 3177 patet
579 3090 615 3153 in
635 3086 729 3149 bivio
743 3089 871 3167 portae,
890 3098 973 3161 quac
990 3073 1144 3160 proxima
1156 3077 1278 3155 ponto:

384 3198 567 3282 interrupti
581 3196 689 3282 ignes,
707 3200 843 3269 aterque
853 3187 895 3247 ad
907 3182 1016 3245 sidera
1032 3180 1145 3241 furnus

388 3304 542 3389 Erigitur.
558 3302 592 3363 Si
609 3301 754 3361 Fortuna
771 3286 961 3375 permittitis
973 3285 1041 3367 uti,

390 3404 582 3489 Quaesitum
597 3390 739 3463 Aenean
750 3398 793 3457 ad
810 3390 1127 3455 moenia'Pallantea

389 3492 533 3573 Moxhic
548 3526 623 3571 cum
634 3502 766 3586 spoliis,
782 3498 908 3587 ingenti
923 3498 1022 3560 caede
1038 3504 1188 3577 peracta,

390 3608 514 3702 Adfore
527 3604 675 3671 cernetis.
688 3606 758 3669 Nec
770 3621 830 3664 nos
840 3600 896 3663 via
912 3598 1000 3661 fallit
1010 3596 1133 3661 euntis:

391 3712 543 3776 Vidimus
557 3709 705 3775 obscuris
720 3708 863 3791 primam
878 3708 942 3769 sul)
957 3702 1100 3765 vallibus
1120 3702 1256 3781 urbem,

392 3822 525 3905 Veneni
538 3817 672 3883 ustduc
682 3823 715 3878 et
727 3824 834 3876 totum
850 3807 1067 3897 cognorimus
1083 3824 1229 3869 amnem·

460 3914 471 3940 ,
512 3906 517 3916 ,
