2809 4817
692 99 699 131 l

408 353 609 426 CIRIS.
649 374 681 416 u.
707 357 776 418 rur.
1014 359 1071 421 361

107 506 219 584 Atque
233 500 293 568 ubi
309 501 402 566 nulls
414 500 511 564 malis
523 500 646 588 reperit
661 502 778 567 solatia
794 501 907 585 tantis,

28 590 29 654 Ῑ
107 607 378 687 Tabidularnque
396 607 486 670 ridet
499 609 568 670 labi
587 631 646 692 per
664 595 788 672 viscera
805 618 964 672 mortem:

27 742 28 755 κ
106 712 188 793 Quo
206 707 483 789 voeatiredolor,
494 710 651 795 subigunt
662 732 730 792 quo
743 712 876 776 tendere
889 711 973 795 iata,
1059 749 1061 758 ·

107 811 246 888 Fertur3
255 819 292 872 et
300 810 454 875 horribili
462 832 619 895 praeceps
632 813 815 896 impellitur
829 824 955 878 oestro:

108 913 155 975 Ut
164 915 286 996 patris,
299 917 342 976 ab
352 918 503 998 demens,
519 917 643 980 crinem
659 918 699 980 de
712 915 833 980 verlice
849 916 951 980 ferret

108 1017 255 1099 Furtim,
276 1032 374 1103 atque
386 1033 504 1110 arguto
517 1025 691 1088 detonsum
709 1022 852 1086 mitteret
866 1020 963 1086 hosti.

108 1124 266 1202 Namque
277 1125 358 1186 haee
374 1124 520 1188 conditio
536 1125 674 1190 miserae
687 1124 885 1209 proponitur
902 1133 979 1186 unu.
1080 1117 1081 1122 ’

108 1224 188 1289 Sive
205 1227 265 1290 illa
277 1226 453 1314 ignoraus:
471 1229 545 1310 quis
556 1250 625 1294 non
641 1234 748 1293 bonus
763 1227 876 1292 omnIa
897 1226 989 1288 malit

109 1335 270 1415 Credere,
284 1354 383 1414 quam
401 1344 491 1396 tanto
504 1337 627 1398 scelere
643 1338 802 1399 damnare
816 1333 988 1418 puellam?

108 1438 186 1498 Heu
197 1446 307 1498 tamen
315 1435 431 1501 infelix
443 1437 547 1518 (quid
556 1439 647 1502 enim
657 1436 881 1522 imprudentia
890 1435 1022 1520 prodest
1031 1433 1066 1518 Ρ)

108 1537 190 1599 Nise
202 1547 314 1619 pater,
330 1536 401 1618 cui,
418 1535 545 1621 direpta
559 1539 734 1602 crudeliter
749 1541 851 1620 urbe,

108 1639 251 1704 vixerit
263 1661 330 1704 una
345 1660 445 1724 super
457 1643 550 1706 sedes
562 1642 599 1704 in
615 1644 759 1710 turribus
772 1644 861 1724 altis,
920 1677 923 1685 ·

108 1749 226 1812 Fessus
239 1747 300 1811 ubi
315 1759 479 1814 exstructo
494 1750 598 1833 possis
611 1752 781 1816 oonsidere
797 1751 889 1814 nido.

108 1855 163 1916 Tu
175 1873 325 1935 quoque,
339 1853 426 1936 avis,
440 1854 596 1926 moriere:
616 1857 708 1920 dabit
726 1857 784 1920 tibi
799 1855 867 1918 filia
879 1833 1011 1938 poenas.

109 1958 275 2038 Gaudete,
288 1977 310 2020 o
323 1959 459 2038 celeres,
467 1959 628 2021 subnixae
639 1958 784 2022 nubibus
796 1958 887 2037 altis,
1013 1954 1068 2035 195

110 2065 208 2148 Quae
219 2080 324 2140 mare,
342 2080 427 2142 quae
437 2060 559 2126 virides
572 2062 687 2143 silvas,
703 2063 860 2142 lucosque
871 2067 1024 2124 sonantes

109 2163 279 2242 Incolitis,
289 2165 449 2250 gaudete,
467 2183 570 2248 vagae
581 2165 788 2248 blandaeque
803 2167 966 2241 volucres;

110 2275 248 2352 Vosque
262 2272 365 2352 adeo,
378 2270 517 2332 humani
533 2279 678 2334 mutatae
694 2269 841 2353 corporis
856 2280 962 2352 artus,

110 2379 182 2444 Vos
198 2397 219 2438 o
232 2375 360 2439 crudeli
375 2376 517 2439 fatorum
535 2378 623 2462 lege,
641 2377 774 2458 puellae

75 2474 79 2479 ’
105 2481 307 2565 Dauliades,
326 2482 506 2567 (crudele)
521 2482 612 2545 venit
624 2479 791 2544 carissima
805 2478 903 2544 uobis

112 2594 278 2678 Cognatas
293 2610 417 2678 augens
433 2609 527 2678 reges
535 2608 778 2676 numerumque
788 2607 926 2653 suorum

112 2697 217 2780 Ciris,
228 2708 261 2760 et
274 2696 344 2782 ipse
355 2707 465 2783 paler,
481 2717 556 2781 vos,
571 2717 592 2760 ο
604 2678 826 2782 puleherrima
843 2698 1014 2780 quondam

114 2806 280 2902 (lorpora,
297 2806 463 2867 caeruleas
477 2803 673 2886 praevertite
686 2803 723 2866 in
738 2804 869 2866 aethera
885 2805 1008 2884 nubes,

114 2910 192 2992 Qua
202 2928 307 2972 novus
319 2913 362 2972 ad
372 2909 528 2994 superdm
538 2913 630 2974 sedes
644 2912 833 2991 Calcheius,
844 2920 875 2972 el
889 2928 956 2991 qua

113 3013 266 3079 Candida
280 3032 448 3103 concessos
459 3018 635 3080 adscendat
646 3015 731 3080 Ciris
741 3017 894 3086 honores.
912 3071 915 3084 ,

155 3119 292 3201 Iamque
304 3121 388 3182 adeo
404 3119 494 3182 dulci
506 3120 676 3184 devinctus
693 3120 823 3186 lumina
835 3139 952 3185 somno

110 3222 213 3286 Nisus
225 3234 310 3290 erat:
325 3222 531 3311 vigilumque
544 3226 662 3306 procul
681 3224 828 3289 custodia
842 3221 958 3305 primis

114 3328 278 3392 Excubiae
295 3327 421 3398 solibus
438 3327 547 3392 studio
563 3325 704 3390 iactabat
718 3327 829 3392 inani:

112 3431 202 3494 Cum
215 3432 329 3511 furtim
349 3432 446 3496 tacito
467 3433 668 3498 descendens
682 3433 795 3514 Scylla
807 3430 912 3494 cubili

116 3535 260 3600 Auribus
278 3537 411 3608 arrectis
421 3548 584 3600 nocturna
593 3533 725 3601 silentia
737 3545 857 3614 tentat3
939 3521 943 3528 ’

113 3645 157 3708 Et
170 3643 287 3727 pressis
300 3659 431 3715 tenuem
445 3646 643 3736 singultibus
659 3649 737 3708 adra
754 3653 870 3727 captat.

117 3753 205 3816 Tum
218 3775 373 3840 suspensa
384 3758 499 3822 levans
509 3753 621 3842 digitis
632 3751 769 3842 vestigia
781 3749 897 3836 primis
993 3779 997 3783 ·
