2809 4817
319 352 379 433 29⁶
598 344 974 412 ,auumnos
1116 344 1247 404 asra

316 490 364 557 Hi
377 488 530 579 fugiunt,
541 486 737 571 penitusque
753 486 840 549 datis
856 486 1046 549 referuntur
1058 480 1210 545 habenis.
1258 455 1262 472 ²

318 592 436 679 Qualis
451 591 510 653 ubi
522 592 649 653 alterno
665 608 866 673 procurrens
881 588 1012 675 gurgite
1022 595 1148 670 pontus

320 704 416 767 Nunc
429 698 495 763 ruit
510 698 553 761 ad
568 707 687 778 arras,
705 692 1117 780 scopulosque'superiacit
1130 688 1269 756 undam
1388 695 1390 775 Q

201 827 206 840 ‘
321 802 499 884 Spumeus,
515 806 763 879 extremamque
773 776 850 859 siriu
866 786 1205 879 perflrndit'arenam:
1223 836 1226 844 ,
1388 776 1390 871 Q

321 908 417 971 Nunc
431 903 567 987 rapidus
576 911 683 987 retro,
697 910 799 983 atque
809 909 902 963 aestu
914 901 1066 963 revoluta
1078 900 1258 983 resorbens
1388 893 1390 982 Q

322 1010 407 1075 saxa
422 1006 527 1094 fugit,
542 1006 687 1088 litusque
701 1008 789 1068 vado
802 1008 934 1070 labente
945 1000 1117 1086 relinquit.
1174 1056 1178 1061 .

322 1114 376 1179 Bis
391 1113 490 1179 Tusci
504 1116 644 1180 Rutulos
660 1110 1101 1201 egereadmoeniarersos3
1257 1107 1260 1115 ’

323 1219 377 1285 Bis
393 1218 507 1285 reiecti
520 1203 621 1283 armis
637 1226 822 1303 respectant
839 1225 932 1304 terga
950 1226 1106 1303 tegentes.
1388 1191 1390 1218 ’

324 1329 437 1395 Tertia
450 1330 509 1393 sed
520 1336 695 1411 postquam
706 1322 873 1412 congressi
889 1322 1077 1406 inproelia,
1098 1331 1187 1389 totas
1388 1329 1389 1334 ’

326 1434 526 1519 Implicuere
536 1434 623 1497 inter
642 1453 678 1497 se
691 1430 790 1511 acia,
807 1429 956 1515 legitque
965 1429 1077 1493 virum
1092 1428 1168 1507 vir3
1250 1448 1253 1451 ’

326 1542 416 1607 Tum
426 1560 506 1605 vero
521 1550 554 1605 et
569 1538 713 1629 gemitus
725 1534 944 1632 morientum,
954 1545 988 1601 et
1002 1534 1167 1624 sanguine
1181 1534 1224 1601 in
1242 1535 1245 1541 ’

1021 1645 1091 1707 atto

243 1764 255 1789 ⁸
329 1754 512 1831 Armaque,
522 1765 742 1829 corporaque,
757 1752 790 1809 et
798 1744 956 1831 permixti
971 1748 1074 1809 caede
1085 1745 1241 1811 virorum

330 1854 534 1929 semanimes
548 1854 730 1917 volvuntur
740 1852 837 1936 equi,
850 1872 966 1939 pugna
978 1872 1094 1936 aspera
1104 1851 1220 1938 surgit.

333 1962 526 2043 Orsilochus
539 1957 689 2040 Remuli,
704 1959 841 2039 quando
851 1958 963 2041 ipsum
970 1960 1130 2045 horrebat
1145 1955 1253 2037 adire,

223 2081 224 2087 ’
303 2116 313 2123 -
332 2074 470 2141 Hastam
480 2067 611 2131 intorsit
620 2086 721 2148 equ0,
732 2067 925 2149 ferrumque
934 2070 996 2131 sub
1010 2088 1092 2130 aure
1106 2064 1262 2148 reliquit:

336 2179 413 2259 Quo
427 2172 557 2257 sonipes
571 2172 637 2239 ictu
650 2172 732 2235 furit
744 2174 887 2255 arduus,
905 2175 1038 2254 altaque
1052 2172 1175 2256 iactat,
1238 2154 1316 2235 638²

255 2332 261 2339 .
336 2276 492 2341 Volueris
508 2276 698 2359 impatiens,
712 2286 839 2339 arrecto
859 2288 993 2360 pectore
1006 2296 1114 2342 crura.
1133 2282 1139 2293 ’
1186 2280 1189 2286 ’

271 2454 274 2459 ‚
337 2380 494 2447 Volvitur
502 2380 563 2445 ille
573 2402 726 2448 excussus
743 2382 846 2444 humi.
866 2383 1005 2446 Catillus
1023 2386 1135 2465 lotan,
1169 2385 1174 2394 '

337 2488 578 2573 lugentemque
594 2485 729 2568 animis,
742 2485 911 2573 ingentem
923 2508 1063 2572 corpore
1077 2473 1245 2581 etarmis,

339 2589 463 2653 Deiicit
473 2588 707 2661 Herminium:
721 2593 813 2653 nudo
826 2590 881 2653 cui
894 2591 1018 2654 vertice
1033 2593 1128 2674 fulva
1388 2665 1389 2674 Q

342 2698 524 2780 Caesaries,
539 2696 687 2779 nudique
698 2696 845 2774 humeri,
864 2669 926 2759 riec
935 2684 1075 2759 volnera
1088 2706 1231 2774 terrent3
1267 2725 1270 2734 ¹

310 2838 313 2844 ·
343 2804 468 2867 Tantus
482 2803 520 2865 in
533 2822 626 2866 arma
639 2812 737 2885 patet.
756 2800 1053 2864 Latos-hui'ohasta
1065 2822 1127 2883 per
1137 2818 1248 2865 armos
1309 2823 1314 2830 ·

345 2910 426 2969 Aeta
441 2907 567 2987 tremit,
583 2908 798 2989 duplicatque
806 2907 917 2969 virum
927 2905 1085 2974 transfixa
1096 2908 1224 2971 dolore.
1242 2900 1247 2905 ⁴

346 3010 509 3103 Funditur
522 3020 591 3073 ater
603 3010 728 3092 ubique
742 3032 860 3080 cruor:
879 3013 958 3073 dant
972 3010 1091 3073 funera
1107 3012 1201 3075 ferro
1388 3095 1389 3100 η

348 3120 531 3200 certantes,
546 3120 787 3200 pulchramque
795 3128 913 3203 petunt
921 3140 982 3203 per
994 3121 1290 3188 volneramortem.

389 3227 431 3286 At
443 3220 567 3287 medias
580 3223 668 3287 inter
684 3226 802 3289 caedes
811 3228 951 3290 exsultat
963 3230 1127 3308 Amazon,

348 3330 463 3391 Unum
479 3337 605 3393 exserta
615 3331 700 3393 latus
710 3350 858 3419 pugnae,
870 3334 1058 3415 pharetrata
1073 3331 1237 3410 Camilla,

350 3441 392 3501 Et
406 3461 496 3503 nuuc
507 3441 706 3503 lentamanu
721 3443 877 3529 spargens
892 3438 1023 3506 hastilia
1035 3442 1170 3521 (lenset,

352 3545 448 3607 Nunc
462 3544 608 3609 validam
624 3548 738 3610 dextra
747 3548 834 3631 rapit
846 3546 1008 3613 indefessa
1022 3536 1217 3634 bipennem}
1232 3569 1236 3575 ·

352 3648 479 3713 Aureus
489 3669 529 3711 ex
538 3654 789 3718 humero'sonat
801 3676 910 3739 arcus,
926 3666 957 3719 et
970 3652 1063 3721 arma
1076 3658 1216 3721 Dianae.
1310 3670 1319 3743 j
1388 3668 1389 3671 ’

354 3758 417 3821 Illa
432 3758 547 3847 etiam,
564 3759 594 3827 si
611 3764 745 3843 quaudo
758 3760 795 3826 in
812 3771 943 3850 tergum
955 3766 1052 3847 pulsa
1068 3756 1220 3845 recessit,
