2809 4817
343 404 546 467 utura
586 402 651 467 1x.
690 422 723 465 v.
745 402 812 478 246.
1004 422 1062 489 περ

19 570 20 585 ’
90 542 166 613 Hic
182 545 286 611 annis·
296 544 407 633 gravis
422 554 519 627 atque
532 544 636 609 animi
646 554 796 609 maturus
807 545 932 609 Aletes:

91 648 142 717 Di
162 652 284 735 patrii,
303 672 446 733 quorum
460 673 591 735 semper
603 654 666 715 sub
680 653 818 716 numine
829 650 927 715 Troia
947 660 1013 732 est,

92 761 125 820 N
127 777 175 819 on
191 765 303 819 tamen
318 755 456 820 omnino
474 756 621 817 Teucros
637 754 747 818 delere
759 753 900 835 paratis,

94 862 186 922 Cum
202 858 276 921 talis
297 855 427 922 animos
441 854 615 937 iuuenum,
634 864 666 919 et
682 867 750 919 tam
762 865 849 919 certa
861 853 981 919 tulistis

94 968 248 1027 Pectora.
258 963 312 1027 Sic
321 980 522 1043 memorans,
538 963 695 1028 humeros
703 962 899 1042 dextrasque
908 961 1041 1024 tenebat

95 1074 302 1150 Amborurn,
317 1078 350 1131 ct
362 1070 490 1133 voltum
504 1069 649 1135 lacrimis
659 1082 758 1151 atque
770 1088 830 1133 ora
839 1070 991 1155 rigabota

97 1180 197 1262 Quae
209 1174 318 1254 vobis,
341 1175 553 1261 quaedigna,
569 1175 651 1257 viri,
668 1197 729 1258 pro
742 1174 897 1237 laudibus
906 1171 992 1255 istis,
1062 1185 1065 1190 “

98 1282 254 1349 Praemia
266 1301 359 1363 posse
373 1300 448 1345 rear
463 1281 571 1345 solui?
590 1280 814 1365 pulcherrima
824 1280 971 1362 primum

97 1379 143 1447 Di
163 1404 340 1464 moresque
353 1384 478 1449 dabunt
490 1384 607 1463 vestri;
622 1395 697 1448 tum
709 1394 823 1449 cetera
835 1385 952 1447 reddet

98 1490 255 1549 Actutum
269 1485 345 1567 pius
357 1488 497 1568 Aeneas,
517 1497 616 1567 atque
630 1479 763 1575 integer*
775 1489 850 1551 aevi

98 1589 277 1671 Ascanius,
289 1590 398 1656 meriti
409 1592 491 1659 tanti
503 1612 572 1681 pon
584 1593 932 1685 immemorunquam.

98 1692 209 1755 Immo
221 1710 283 1777 ego
300 1710 374 1774 voa,
389 1692 445 1755 cui
458 1694 527 1757 sola
538 1695 626 1759 ,salus
636 1695 787 1781 genitore
796 1693 950 1775 reducto,

98 1794 230 1878 Excipit
247 1794 419 1875 Ascanius,
436 1818 497 1879 per
512 1818 666 1883 magnos,
681 1800 776 1883 Nise,
793 1797 936 1880 Penatis,
974 1800 977 1804 ’

98 1898 315 1979 Assaracique
331 1900 466 1983 Larem,
481 1912 513 1965 et
530 1924 631 1967 canae
647 1904 829 1987 penetralia
845 1907 980 1982 Vestae,

100 2007 274 2071 Ohtestor=
291 2005 530 2089 (quaecunque
544 2009 627 2071 mihi
642 2000 936 2089 fortuna'fidesque
947 2013 1009 2087 est,

99 2112 136 2173 Irr
151 2108 270 2175 vestris
281 2128 371 2190 pono
386 2108 519 2195 gremiis
528 2110 562 2195 t)
577 2122 729 2175 revocate
743 2098 933 2196 parentem
1002 2110 1059 2172 261

99 2214 243 2279 Reddite
260 2222 491 2297 conspectum:
506 2214 592 2279 nihil
612 2216 672 2279 illo
693 2218 783 2281 triste
799 2227 942 2299 recepto.

94 2314 180 2386 *Bina
192 2322 280 2383 daho
298 2328 434 2405 argento
447 2321 591 2405 perfecta
604 2330 704 2403 atque
718 2343 835 2405 aspera
850 2320 953 2408 signis

100 2429 243 2508 Pocula,
264 2424 393 2493 devicta
405 2425 537 2513 genitor
550 2446 634 2508 quae
655 2427 742 2511 cepit
760 2427 893 2503 Arisha3
969 2477 973 2487 .

99 2535 138 2596 Et
153 2533 303 2617 tripodas
319 2532 488 2618 geminos3
509 2534 582 2597 auri
595 2538 662 2599 duo
675 2556 798 2623 magna
814 2538 955 2613 taienta;

102 2643 237 2702 Cratera
253 2637 440 2720 antiquum,
458 2648 559 2721 q'uem
577 2642 633 2703 dat
649 2640 785 2705 Sidonia
800 2641 900 2703 Dido.

100 2746 132 2809 Si
151 2766 235 2809 vero
251 2766 368 2827 capere
383 2746 534 2829 Italiam,
553 2748 755 2830 sceptrisque
775 2747 878 2831 potiri
947 2775 950 2780 ·

101 2851 284 2939 eontigerit
296 2850 431 2935 victori,
453 2863 485 2915 et
498 2856 640 2937 praedae
653 2857 775 2919 ducere
786 2864 928 2917 sortem:
947 2855 950 2860 ’

100 2959 236 3040 Vidisti,
255 2979 322 3039 quo
336 2960 467 3023 Turnus
477 2979 581 3041 equo,
597 2960 718 3039 quibus
735 2960 806 3024 ibat
825 2959 862 3023 in
877 2955 988 3019 armis¹

100 3067 244 3131 Aureus:
261 3063 492 3147 ipsum'illuro,
505 3062 648 3146 clipeum
658 3054 1008 3146 cristasquerubetitis,

99 3170 270 3253 Excipiam
282 3170 377 3251 sorti,
391 3169 458 3232 iarn
476 3190 567 3233 nunc
579 3180 635 3233 tua
647 3170 812 3253 praemia,
825 3169 913 3232 Nise.
1017 3168 1021 3175 ’

100 3282 272 3343 Praeterea
285 3278 334 3341 bis
345 3299 404 3342 serr
413 3277 545 3365 genitor
562 3276 739 3341 lectissima
753 3286 898 3339 madum

101 3386 265 3467 Corpora,
281 3383 492 3469 captivosque
503 3384 594 3447 dabit
602 3430 614 3467 ,
624 3380 914 3464 suaqqeomnibus
926 3395 1039 3455 πως

100 3492 240 3575 Insuper
252 3491 318 3573 his,
333 3492 443 3575 campi
454 3493 546 3572 quod
554 3512 613 3553 rex
622 3493 726 3553 hahet
737 3490 809 3573 ipse
817 3484 964 3549 Latinus.
982 3552 986 3559 ,

100 3602 147 3661 Te
161 3618 261 3685 vero,
275 3618 348 3661 mea
362 3620 462 3679 quem
475 3596 585 3681 spatiis
595 3596 903 3691 propioribusaetaa
1000 3686 1002 3692 Α

99 3703 304 3785 insequitur,
321 3706 509 3766 venerande
523 3724 622 3785 puer,
635 3701 701 3763 iam
716 3712 848 3783 pectore
859 3706 932 3761 toto

101 3809 256 3893 Accipio,
271 3820 304 3875 et
322 3809 476 3877 comitem
493 3828 585 3877 cesus
600 3809 801 3893 complector
812 3805 849 3869 in
859 3799 979 3869 omnis.
