2809 4817
355 424 413 487 ,σο
653 378 1055 469 Autumnus.
1149 396 1322 477 cn,

353 570 429 653 Quo
442 556 570 647 lugitis,
583 548 685 617 socii?
704 566 766 632 per
777 566 838 609 vos
847 554 879 607 et
890 542 991 606 fortia
1006 540 1110 621 facta,

353 678 415 739 Per
427 667 519 732 ducis
533 657 678 725 Evandri
692 673 834 733 nomeu,
856 647 1050 726 devictaque
1065 644 1171 726 bella,

351 778 515 861 Spemque
525 785 650 852 meam,
668 756 794 846 patriae
808 774 895 837 quac
908 770 998 815 nuuc
1011 747 1099 814 subit
1110 748 1244 811 aemula

881 854 992 938 liudi,
1383 849 1384 932 l

353 984 458 1053 Fidite
475 1000 516 1045 ne
530 971 679 1061 pedihus.
695 970 796 1032 Ferro
812 964 1000 1047 rumpenda
1019 974 1079 1044 per
1091 958 1196 1023 hostis

353 1086 482 1155 Estvia.
494 1086 568 1168 Qua
580 1078 699 1163 globus
715 1072 772 1134 ille
784 1066 893 1132 virum
906 1065 1119 1131 densissimus
1129 1072 1243 1151 urget:
1383 1085 1384 1120 t

353 1198 425 1258 Hac
438 1210 497 1253 vos
508 1183 695 1250 etPallanta
705 1178 825 1238 ducem
835 1170 943 1255 putria
956 1171 1022 1231 alta
1038 1166 1194 1249 reposcit.
1230 1230 1234 1253 Ι
1383 1123 1384 1212 i

353 1298 499 1365 Numina
513 1293 606 1357 nulla
621 1293 792 1385 premunt:
813 1276 946 1341 mortali
965 1294 1124 1360 urgemur
1136 1274 1281 1335 ahhoste
1383 1267 1384 1332 i

353 1404 510 1472 Mortales
518 1422 531 1478 3-
542 1396 678 1461 totidem
691 1388 787 1452 nobis
802 1384 999 1461 animaeque
1008 1390 1207 1457 manusque.

354 1514 453 1591 Ecce,
468 1504 568 1568 maris
579 1517 698 1585 magna
715 1489 840 1557 claudit
856 1506 916 1550 nos
928 1483 1035 1548 obiice
1050 1491 1194 1567 pontus3

354 1618 452 1677 Deest
462 1611 530 1673 iam
543 1616 630 1668 terra
645 1602 762 1686 fugae:
775 1596 911 1681 pelagus
918 1589 1100 1653 Troiamne
1111 1581 1284 1669 petemus?
1302 1576 1312 1597 ’
1383 1593 1384 1598 ’

354 1723 446 1785 Haec
459 1714 518 1793 ait,
533 1720 564 1773 et
574 1704 702 1769 medius
715 1702 833 1763 densos
845 1686 1210 1778 prorumpitiuhortir.
1383 1703 1384 1706 ¹

357 1817 483 1884 Obvius
496 1811 574 1875 huic
585 1808 748 1892 primum,
764 1799 842 1863 fatis
856 1799 1017 1861 adductus
1031 1790 1173 1873 iniquis,
1192 1798 1200 1809 ‘

356 1924 406 1989 Fit
414 1924 539 2009 Lagus:
556 1918 660 1995 hunc,
676 1926 799 1996 magno
809 1904 903 1968 vellit
913 1906 995 1965 dum
1012 1900 1161 1984 pondere
1182 1916 1310 1976 amm,
1383 1925 1384 1952 t

356 2022 483 2095 Intorto
494 2022 567 2113 figit
580 2022 662 2101 telo,
680 2011 875 2079 discrimina
890 2006 989 2074 costis
1383 2009 1384 2050 3

357 2112 1311 2210 Permediumquaspinadabatshastemquercccptatm
1383 2077 1384 2152 3

360 2244 495 2311 Ossibus
508 2243 708 2303 haerentem.
726 2234 834 2316 Quem
847 2244 915 2289 non
931 2229 1183 2306 superoccupat
1194 2220 1310 2301 Hisbo,

358 2350 419 2413 llle
431 2347 566 2429 quidem
573 2345 799 2421 hoosperans:
813 2350 892 2394 nam
902 2327 1010 2390 Pallas
1017 2331 1094 2387 ante
1105 2332 1258 2387 urentem
1266 2368 1276 2405 ,
1383 2319 1384 2402 J

357 2458 449 2534 Dum
460 2448 557 2529 furit,
573 2444 744 2507 incautum
756 2434 882 2501 crudeli
894 2438 1001 2496 morte
1016 2426 1158 2511 sodalis,

359 2553 500 2638 Excipit,
521 2558 618 2630 atque
630 2562 742 2607 ensem
751 2538 880 2602 tumido
889 2535 1096 2617 inpulmonc
1107 2531 1271 2597 recondit.

359 2664 449 2731 Hinc
464 2655 655 2723 Sthenelum
669 2646 768 2732 petit,
785 2653 818 2707 et
828 2639 951 2705 Rhoeti
964 2640 1006 2701 de
1024 2645 1124 2724 gente
1136 2647 1266 2701 vetuste
1383 2675 1384 2678 κ

361 2765 620 2842 Anchemolum,
639 2753 802 2817 thalamos
817 2765 934 2809 ausum
949 2742 1111 2806 incestare
1127 2756 1297 2806 novercae.
1383 2729 1384 2734 ’

361 2878 429 2941 Vos
442 2870 542 2933 etiam
557 2858 696 2951 gemini,
710 2853 843 2918 Rutulis
856 2848 1019 2915 cecidistis
1032 2847 1185 2927 inauris,
1383 2837 1384 2842 ’

361 2974 503 3052 Dauciu,
523 2966 641 3030 Laride
650 2961 904 3045 Thymberque,
923 2952 1094 3025 simillima
1108 2956 1244 3036 proles,

271 3141 274 3147 .
360 3076 544 3142 Indiscreta
560 3067 640 3148 suis,
655 3071 830 3153 gratusque
845 3056 1037 3144 parentibus
1049 3073 1163 3133 error3

363 3190 406 3250 At
419 3200 508 3245 nunc
521 3180 605 3240 dura
616 3170 711 3235 dedit
718 3167 813 3232 vohis
829 3161 1022 3228 discrimine
1041 3162 1168 3225 Pallasx

364 3296 448 3356 Nam
460 3286 519 3350 tihi
527 3280 734 3369 ,Thymbre,
748 3279 847 3356 caput
855 3267 1041 3332 Evandrius
1058 3263 1301 3341 abstulilensis3
1383 3309 1384 3320 ,

364 3404 412 3464 Tc
427 3396 537 3461 decisa
549 3398 659 3469 suum,
681 3381 816 3461 incide,
832 3379 966 3439 dextera
981 3370 1129 3452 quaerit;
1383 3359 1384 3364 ’

346 3502 643 3595 ,Semianimesque
657 3490 781 3557 micant
798 3482 909 3571 digiti,
929 3481 1120 3557 ferrumque
1135 3480 1316 3541 retractant.
1383 3503 1384 3548 j

365 3584 672 3678 Arcadas‘aece'nsos
689 3595 836 3676 monitu,
853 3603 885 3655 et
897 3588 1066 3673 praeclare
1081 3594 1213 3649 tuentes
1383 3573 1384 3582 ’

366 3724 463 3785 Facta
473 3715 553 3796 viri,
563 3710 684 3775 mixtus
693 3706 791 3768 dolor
799 3710 832 3763 et
840 3699 949 3783 pudor
960 3676 1067 3757 amit
1079 3691 1116 3754 in
1131 3694 1255 3756 hostes.

367 3826 455 3889 Tum
462 3821 586 3903 Pallas,
600 3811 720 3899 biiugis
734 3807 917 3894 lugientem
933 3797 1082 3866 unoetea'
1094 3796 1230 3881 praeter
1383 3783 1384 3792 ’
