2809 4817
371 375 600 444 cunule
639 384 767 466 ωας.
986 386 1046 455 ut
1186 371 1286 466 ·,’

74 477 252 604 Vulnera}
265 520 346 604 tela,
360 541 472 604 neces,
487 519 576 610 ignis
585 520 711 588 inferre
723 532 865 608 paratos.

74 626 159 708 Ipsa
173 625 262 712 iugis
271 645 417 707 namque
430 627 510 707 Ida,
526 636 646 723 potens
660 619 811 712 lenitatis,
828 629 943 714 etipsa
967 687 971 694 ,
1046 679 1050 688 .

73 738 196 817 Aeque
212 735 299 798 facee
312 734 410 796 altrix
423 731 554 816 cupidis
566 735 747 816 praebebat
756 735 916 822 alumnis,

73 839 200 903 Omnis
217 849 256 902 ut
265 838 302 901 in
314 838 441 902 eineres
451 838 592 902 Rhoetei
607 839 713 906 litoris
726 859 785 906 orn

72 926 246 1009 Classibus
259 941 417 1007 ambustis
429 945 564 1006 flamma
576 953 754 1028 superante
773 948 917 1012 deretur.

69 1046 166 1110 Hine
180 1055 253 1110 erat
266 1048 436 1130 oppositus
448 1057 563 1112 contra
571 1049 787 1116 Telamonius
796 1053 912 1132 heros,

72 1155 282 1234 Obiectoque
295 1155 395 1217 dabat
410 1152 517 1236 clipeo
531 1153 727 1234 certamina3
747 1166 780 1220 et
791 1153 886 1222 illine

70 1264 202 1326 Hector
210 1269 295 1342 erat,
305 1260 425 1324 Troiae
435 1280 602 1325 summum
611 1261 727 1328 decus:
743 1274 819 1325 acer
832 1273 985 1346 uterque,

69 1363 285 1430 Fulminibus
295 1365 389 1430 coelo
401 1365 506 1432 veluti
517 1365 631 1452 lragor
646 1365 754 1432 editus
766 1369 854 1448 nlto;

68 1471 212 1557 ignibus
220 1470 277 1535 bic
292 1468 431 1551 telisque
442 1488 555 1552 super,
573 1467 602 1532 si
620 1469 778 1536 classibus
790 1473 895 1557 Argos

67 1575 202 1660 Enipiat
217 1575 360 1640 reditus·
380 1575 438 1637 ille
451 1583 488 1636 ut
500 1564 664 1638 Vulcania
680 1577 770 1640 ferro

68 1681 222 1746 Vulnera
235 1687 402 1764 protectus
418 1679 584 1762 depellere
599 1678 739 1743 naribus
759 1681 866 1746 instet.

66 1785 141 1846 Hoc
159 1791 230 1846 erat
242 1783 398 1848 Aeacides
410 1786 645 1859 alter'laetatus
657 1788 803 1853 honore:

65 1889 340 1975 Dardaniaeque,
352 1893 453 1974 alter,
466 1893 540 1956 fuso
546 1894 640 1973 quod
650 1895 811 1982 sanguine
823 1897 948 1982 campis

67 2000 234 2059 Hectoreo
250 1996 357 2061 victor
367 1995 519 2062 lustravit
535 2015 674 2080 corpore
691 1997 839 2064 Troiam.
971 2007 1031 2066 323

65 2104 195 2164 Rursus
203 2083 491 2181 acerbalremunt',
500 2099 592 2162 Paris
600 2085 1033 2190 huncquod-letatethuius
1152 2100 1153 2105 ’

65 2211 164 2272 Alma
176 2207 260 2271 dolis
272 2207 377 2270 Ithaci
387 2205 490 2268 virtus
503 2207 595 2286 qnod
610 2207 756 2271 concidit
769 2208 846 2273 icta.

64 2313 153 2376 Huic
167 2311 254 2399 gerit
269 2329 400 2376 aversos
414 2309 525 2392 proles
538 2309 669 2374 laertia
683 2312 814 2394 vultus,

63 2420 103 2482 Et
116 2419 189 2481 iam
201 2415 386 2500 Strymonii
397 2416 499 2480 Rhesi
518 2416 692 2498 victorque
709 2417 870 2504 Dolonis,

63 2531 199 2593 Pallade
210 2527 280 2589 iam
294 2528 434 2589 laetatur
447 2543 569 2601 οπως
588 2543 768 2606 rursusque
779 2525 936 2592 tremiscit

62 2635 132 2697 lam
148 2632 308 2714 Ciconas,
320 2631 388 2694 iarn
396 2631 652 2712 iamquehorret
660 2632 904 2718 Laestrygonas
913 2643 1018 2702 atrox.

62 2739 165 2802 illum
176 2739 399 2821 Scyllarapax
413 2734 551 2801 canibus
567 2722 740 2802 subcincta
753 2737 924 2822 Molossis,

60 2848 291 2926 Aetnaeusque
303 2845 463 2927 Cyelops3
479 2842 578 2907 illum
590 2843 769 2918 metuenda
785 2844 991 2927 Charybdis,

59 2952 290 3031 Pallentesque
302 2951 405 3030 lacus,
424 2958 457 3012 et
469 2946 620 3030 squalida
630 2947 768 3010 Tartara
781 2935 913 3009 terrent.

58 3047 122 3119 Hic
133 3063 169 3118 et
179 3054 332 3117 Tantalei
346 3052 477 3139 generis
493 3055 611 3134 decus,
629 3052 760 3132 amplus
775 3048 917 3134 Atrides,

56 3158 210 3242 Adsidet,
222 3158 383 3246 Argivum
394 3160 525 3221 lumen:
544 3149 613 3238 quo
625 3158 757 3218 flamma
771 3165 906 3242 regente
986 3159 990 3166 ⁴

57 3265 156 3328 Doris
167 3264 399 3330 Erichthonias
412 3263 587 3348 prostravit
601 3263 750 3326 funditus
762 3269 865 3326 arces.

57 3368 232 3451 Reddidit,
250 3369 332 3451 heu,
342 3367 475 3458 gravius
485 3385 609 3450 poenas
621 3365 695 3448 tibi,
705 3365 824 3448 Troia,
835 3363 961 3451 ruenti5

57 3473 336 3556 Hellespontiacis
349 3475 498 3539 obiturus
510 3473 655 3537 reddidit
671 3472 782 3538 undis.

56 3579 118 3644 llla
126 3580 219 3644 vices
230 3581 404 3646 bominum
416 3589 532 3645 testata
545 3588 592 3643 est
604 3579 699 3664 copia
713 3579 895 3662 quondam,
983 3608 989 3621 ·

55 3687 102 3747 Ne
117 3685 296 3768 quisquam
307 3686 462 3770 propriae
478 3687 629 3750 fortunae
642 3705 780 3748 munere
798 3683 890 3748 dives

55 3788 123 3852 Iret
138 3789 308 3855 inerectus
324 3793 454 3875 eoelum
464 3810 564 3873 super
573 3811 582 3852 ε
591 3809 693 3854 omne
706 3785 897 3874 propinquo

342 4022 351 4056 >
428 4012 431 4016 Δ
