2809 4817
357 391 417 464 aaa
648 383 878 450 cULEx.
920 400 1022 448 nar.

354 523 530 616 Agrerttlm
541 527 631 592 bona
646 545 739 609 eura,
757 527 850 608 sequi
865 524 905 590 sit
917 547 995 589 cura
1010 487 1155 593 tenentis

354 639 476 701 A‘e‘reoe
490 649 664 700 nemorum
682 637 803 698 tractus
818 632 981 714 silvaeque
992 634 1148 700 virentes.
1224 659 1227 668 ·

291 749 295 754 '
354 741 403 806 'l'e
418 736 554 803 cultrioe
570 755 674 822 vagus
683 736 785 798 saltus
799 735 888 798 feror
900 731 989 796 inter
1003 743 1034 798 et
1046 745 1146 800 astra.

327 886 330 891 -
393 846 438 908 At
449 854 500 926 tu,
513 841 567 906 oui
581 837 708 902 meritis
724 838 830 902 oritur
842 836 966 902 fiducie
983 839 1118 920 chartis,

355 943 474 1010 Octavi
486 943 692 1023 venerande,
712 935 795 1006 meir
805 941 964 1010 adlabere
980 941 1121 1026 coeptis,

217 1077 220 1083 ·
354 1053 473 1115 Sancte
488 1071 589 1134 puer-2
606 1047 667 1112 tibi
679 1045 923 1130 namquecanit
936 1066 1006 1110 non
1014 1047 1138 1134 pagina
1150 1049 1278 1132 bellun,
1366 1079 1367 1136 y

355 1157 499 1242 Pmegn
509 1137 673 1242 Giganteo
688 1160 858 1238 sparsaest
869 1170 937 1231 quo
946 1150 1110 1246 sanguine
1121 1151 1238 1230 tellus;'

217 1313 222 1320 .
354 1260 424 1324 Nee
434 1258 798 1340 Certameoslapithaa
810 1241 1024 1338 compellitin
1040 1255 1143 1334 enain

354 1366 430 1431 Urit
445 1363 676 1432 Etiehthonias
688 1364 810 1430 Oriens
826 1383 895 1428 non
908 1363 1042 1452 ignibus
1056 1385 1164 1443 areesq

354 1473 430 1536 Non
447 1470 744 1552 personnarum,
762 1489 824 1532 nec
838 1487 961 1558 magno
979 1468 1112 1532 vincula
1126 1473 1227 1534 Ponto

354 1578 462 1661 laeta,
479 1599 555 1645 meo
568 1589 727 1662 quaerent
738 1579 806 1642 iarn
818 1598 890 1642 uera
908 1576 1080 1641 volumine
1094 1577 1230 1655 famam

354 1685 431 1750 Non
445 1686 680 1770 Hellespontus
690 1686 832 1769 pedibus
847 1688 996 1769 pulsatus
1014 1705 1194 1767 equorum,

355 1790 495 1857 Graecia
506 1807 584 1856 oum
598 1791 709 1856 timuit
724 1790 887 1856 venientis
898 1791 1047 1873 undique
1056 1791 1189 1854 Persa:
1369 1828 1370 1914 q

354 1893 474 1962 Mollia
485 1895 543 1960 aed
556 1896 650 1960 tenui
663 1914 858 1979 percurrere
869 1893 1017 1958 cumina
1026 1912 1134 1973 versu,
1223 1937 1225 1940 -

355 1998 492 2070 viribus
507 2011 586 2086 apta
595 2002 677 2084 auia,
691 2005 827 2068 Phoebo
841 2005 942 2085 duee,
958 2001 1074 2064 ludere
1088 1999 1212 2086 gaudet.

353 2103 395 2166 Et
412 2112 463 2186 tu,
475 2116 589 2170 tanate
599 2127 696 2189 puer,
712 2105 927 2186 venerabilia,
939 2113 972 2170 et
988 2102 1050 2168 tibi
1059 2113 1161 2166 certet
1257 2099 1299 2162 ὅθ’

354 2208 471 2273 Gloria
483 2221 682 2295 perpetuum
694 2211 779 2276 lucie
788 2230 944 2274 mansura
960 2229 1020 2293 per
1032 2229 1176 2288 aevum
1370 2225 1371 2252 ³

353 2310 396 2372 Et
405 2309 467 2374 tihi
475 2315 554 2376 sede
564 2313 621 2396 pia
630 2323 765 2382 maneat
779 2315 885 2394 loeus,
906 2319 940 2375 et
959 2310 1021 2376 tibi
1032 2329 1145 2396 sospes

353 2413 473 2478 Debita
486 2415 592 2481 felicia
603 2427 808 2483 memoretur
819 2417 886 2482 vita
901 2437 963 2501 per
973 2435 1096 2498 annos,

216 2585 219 2592 ,
354 2518 455 2580 Grata
466 2517 564 2586 honis
574 2520 701 2586 lucens.
715 2523 780 2586 Sed
795 2541 856 2586 nos
870 2523 914 2585 ad
929 2529 1046 2606 ooepta
1056 2523 1209 2588 feramur.

392 2625 515 2711 &aaut
528 2626 696 2690 aethereas
705 2626 774 2688 ianr
787 2627 843 2692 sol
856 2635 1044 2710 penetrarat
1056 2626 1093 2690 in
1110 2626 1206 2708 areis,

355 2725 570 2808 Candidaque
586 2737 702 2792 aurato
712 2728 880 2812 quatiebat
893 2726 1022 2818 lumina
1033 2749 1146 2806 ουτως

353 2828 510 2895 Crinibus
519 2842 553 2896 et
566 2833 667 2900 roten
679 2835 830 2897 tenebras
839 2834 968 2896 Aurora
981 2827 1128 2918 tigerat:

352 2933 505 3016 Propulit
519 2942 557 2997 ut
569 2933 707 2997 stabulis
717 2935 763 2996 ad
778 2935 901 3016 pabula
915 2932 1002 2996 laeta
1015 2934 1160 3016 oapellat

351 3043 481 3123 Pastor,
497 3049 533 3107 et
548 3041 667 3106 exoelsi
683 3043 806 3108 montis
818 3043 898 3130 iuga
908 3065 1039 3108 summa
1050 3043 1187 3128 petivit,

293 3172 299 3177 ·
351 3146 478 3212 Lucida
494 3166 560 3229 qua
569 3149 700 3234 patulos
712 3151 867 3214 velabant
883 3148 1035 3236 gramina
1050 3147 1155 3212 collis.

284 3293 291 3306 ·
351 3253 423 3316 lam
441 3254 535 3320 'silvis
552 3254 744 3337 dumisque,
757 3275 860 3342 vagae
880 3255 949 3318 iam
967 3253 1111 3320 vallibus
1125 3255 1243 3334 abdunt

351 3361 499 3444 Corpora
509 3383 519 3441 3
530 3362 663 3443 iamque
679 3362 774 3426 omni
792 3363 943 3428 celerate
958 3372 1052 3445 parte
1065 3370 1217 3448 vagantes

350 3465 496 3548 scrupea
507 3469 653 3530 desertae
668 3477 849 3550 perrepunt
866 3469 909 3530 ad
928 3483 1009 3528 aava
1019 3463 1123 3548 rupis.

349 3568 546 3633 Tondentur
561 3571 675 3635 tenero
692 3572 870 3638 viridantia
886 3571 1039 3660 grantina
1056 3589 1184 3652 morsu,

349 3673 500 3738 Pendula
510 3673 668 3758 proiectis
682 3687 864 3760 carpuntur
878 3685 911 3740 et
922 3678 1042 3740 arbuta
1058 3673 1177 3758 ramis,

349 3777 791 3866 Densaquevirgultieavide
807 3782 1145 3868 labrueoapetuntur.‘
1242 3783 1244 3790 ’
