2809 4817
362 366 423 438 ³64
657 363 856 428 CIRIS.
895 382 1018 446 ΜΠ.
1074 329 1079 343 f

360 508 411 570 Ne
421 505 522 588 mihi,
534 523 635 588 quam
648 506 768 587 merui,
785 503 949 587 invideas,
966 504 1152 587 nutricula,
1167 517 1309 572 mortem

360 614 447 678 Nam
457 613 524 678 nisi
537 624 568 676 te
578 612 674 677 nohis
688 613 815 692 melus,
833 631 855 674 o
869 611 994 690 malus,
1003 610 1134 693 optima
1143 615 1278 694 Carme,

360 717 447 783 Ante
460 721 551 784 hunc
561 727 772 800 conspectum
785 735 919 782 casusve
933 715 1063 778 Densve
1082 713 1233 780 tulisset:

359 825 428 886 Aut
439 823 527 886 terro
544 824 609 886 hoc
626 821 756 904 (aperit
767 820 892 884 terrum
905 819 1093 900 quodveete
1107 820 1265 905 latebat)-

360 928 569 1006 Purpureum
582 922 685 1006 patris
697 921 887 986 demissent
900 916 1023 982 vertice
1038 919 1182 1002 crinem,

360 1033 426 1094 Aut
443 1030 527 1096 mihi
535 1029 699 1115 praesenti
709 1027 906 1112 peperissem
922 1027 1058 1090 volnere
1073 1028 1193 1090 letum.

401 1136 467 1200 Vix
479 1137 561 1199 haee
570 1133 734 1214 ediderat,
754 1153 830 1196 eum
841 1132 935 1196 clade
951 1129 1107 1194 exterrita
1122 1127 1210 1192 tristi

360 1238 512 1304 Intonsos
528 1239 633 1301 multo
646 1237 799 1318 deturpat
813 1234 948 1316 pulvere
961 1232 1083 1312 erinis,

360 1347 402 1408 Et
417 1345 563 1431 graviter
578 1353 694 1426 questu
713 1345 830 1404 Carme
848 1340 1032 1423 complorat
1048 1337 1153 1404 atritis

236 1525 241 1534 .
362 1451 394 1512 0
407 1449 490 1514 mihi
500 1471 589 1515 nunc
601 1450 723 1526 iterum
740 1447 881 1514 crudelis
893 1447 1022 1512 reddite
1036 1446 1168 1531 Minos,

363 1554 394 1614 0
407 1551 528 1626 iterum
540 1563 672 1618 nostrae
682 1553 793 1626 Minos
805 1550 940 1616 inimice
953 1563 1122 1636 senectae,

361 1655 497 1737 Semper
506 1667 561 1735 et,
570 1669 628 1719 aut
638 1656 720 1720 clim
735 1666 812 1718 nata
824 1701 835 1738 ,
847 1675 868 1718 o
882 1666 913 1718 te
928 1666 1065 1740 propter
1078 1660 1245 1740 eundem,

361 1759 427 1820 Aut
441 1771 537 1820 amor
550 1760 687 1825 insanae
702 1762 831 1824 luctum
844 1759 993 1844 portavit
1004 1763 1174 1825 alumnae.

361 1865 453 1928 Tene
462 1885 525 1951 ego
539 1857 605 1928 tam
618 1867 721 1952 longe
731 1878 826 1949 capta
839 1874 938 1946 atque
949 1875 1064 1930 avecta
1078 1867 1236 1951 nequivi,

362 1971 752 2057 humectantium,
769 1979 837 2034 tarn
848 1973 951 2036 duros
963 1992 1060 2054 passa
1073 1973 1221 2056 labores,
1255 1990 1303 2056 tqt
1386 2001 1387 2026 t

360 2071 515 2162 Effugere
525 2120 536 2159 ,
548 2076 708 2142 utsistam
724 2076 860 2140 exitium
876 2079 1009 2141 crudele
1025 2080 1200 2142 meorum?

361 2186 433 2248 lam
443 2183 509 2248 iam
525 2205 586 2248 nec
599 2184 695 2246 nobis
704 2205 759 2264 ea,
774 2203 858 2264 quae
873 2182 1077 2264 senioribus,
1091 2183 1202 2248 ullum
1323 2214 1327 2222 =
1388 2188 1389 2206 ¹

362 2286 466 2370 Copia
481 2287 615 2350 vivendi
624 2286 711 2349 vitae
723 2307 836 2373 genus.
854 2289 898 2348 Ut
912 2285 1069 2372 quidego
1081 2269 1197 2352 amens
1389 2280 1390 2326 t

362 2397 410 2457 'I’e
420 2404 548 2478 erepta,
562 2415 583 2456 o
592 2393 794 2477 Britomarti,
810 2415 903 2458 meae
915 2415 992 2476 spes
999 2412 1070 2456 una
1079 2389 1215 2477 salutis,
1390 2373 1391 2406 ¹

362 2501 431 2582 Te,
442 2499 649 2581 Britomarti,
664 2500 754 2562 diem
768 2497 864 2583 potui
881 2501 1064 2580 producere
1077 2497 1189 2562 vitae-iv

362 2607 471 2684 Atque
483 2605 611 2668 utinam
621 2605 722 2669 celeri
735 2627 777 2670 ne
793 2617 921 2669 tantum
932 2617 1025 2692 grata
1035 2606 1163 2672 Dianae

362 2711 508 2774 Venatus
527 2730 610 2776 esses
622 2710 720 2799 virgo
733 2722 854 2777 sectata
865 2711 1030 2794 virorum,
1118 2705 1124 2714 '

363 2815 497 2878 Gnossia
511 2838 576 2880 neu
596 2819 717 2880 Partho
732 2815 933 2882 contendens
945 2813 1075 2897 spicula
1085 2831 1193 2876 cornu

362 2918 515 2982 Dictaeas
526 2937 640 3003 ageres
655 2919 700 2980 ad
712 2916 866 3001 gramina
882 2927 961 2978 nota
976 2917 1136 2998 capellas:

362 3028 558 3106 Nunquam,
574 3034 641 3086 tam
652 3022 775 3086 obnixe
788 3023 918 3110 fugiens
932 3023 1053 3088 Minois
1064 3029 1215 3105 amo'res,

362 3134 521 3216 Praeceps
532 3134 637 3196 aereis
648 3133 783 3217 specula
797 3136 838 3196 de
857 3133 1027 3198 montibus
1040 3135 1134 3197 isses:

362 3242 460 3304 Unde
472 3239 530 3304 alii
544 3242 664 3328 fugisse
676 3242 805 3323 ferunt,
823 3254 854 3306 et
866 3243 1006 3306 numina
1018 3243 1175 3324 Aphaeae

361 3345 510 3434 Virginis
523 3348 714 3435 adsignant:
735 3349 810 3430 alii,
823 3370 893 3430 quo
904 3349 1015 3413 notior
1026 3371 1134 3432 esses,

362 3449 567 3534 Dictynnam
578 3452 691 3516 dixere
707 3461 765 3515 tuo
781 3456 823 3516 de
833 3455 968 3518 nomine
979 3457 1124 3518 Lunam·

364 3555 437 3619 Sint
444 3558 526 3620 haec
539 3575 619 3622 vera
630 3555 746 3620 velim:
760 3557 844 3620 mihi
856 3570 960 3640 certe,
973 3570 1092 3646 gnata,
1108 3558 1242 3642 peristis

363 3655 541 3736 Nunquam
551 3678 614 3746 ego
623 3667 655 3722 te
663 3677 795 3726 summo
805 3661 997 3726 volitantem
1005 3662 1041 3725 in
1052 3662 1176 3727 vertice
1182 3659 1299 3727 montis

364 3760 539 3842 Hyrcanos
548 3759 636 3827 inter
648 3762 784 3830 comites
795 3783 982 3852 agmenque
994 3764 1143 3842 ferarum
