2809 4817
351 378 567 443 LIBER·
596 376 660 443 XI.
701 380 824 461 utiq,
1008 394 1066 461 ²99
1149 434 1154 444 ,

98 524 241 611 Spicula
258 544 417 591 converso
433 524 594 612 fugientia
614 523 730 611 dirigit
745 544 835 587 arou.
877 552 883 565 ·

94 631 144 695 At
158 629 287 694 circum
304 631 407 694 lectae
419 628 570 712 comites,
587 628 774 709 Larinaque
789 627 903 712 virgo,
937 643 939 649 ’

96 736 286 817 Tullaque,
301 743 335 807 et
343 744 487 799 aeratam
503 733 649 815 quatiens
660 734 804 817 Tarpeia
816 748 985 813 securem,

94 840 253 917 Italides3
275 858 356 920 quas
371 839 443 922 ipsa
456 840 554 925 degas
568 839 633 904 sibi
647 838 702 901 dia
718 839 859 913 Camilla

32 1024 37 1032 Ι
95 942 251 1029 Delegit,
269 943 425 1025 pacisque
442 944 546 1006 bonas
562 942 710 1025 bellique
722 944 898 1009 ministras.

96 1051 412 1135 QualesThreiciae
424 1066 500 1115 cum
515 1052 654 1117 flumina
669 1053 925 1143 Thermodontis

97 1154 242 1218 Pulsant
256 1164 287 1225 et
300 1153 395 1237 piatis
412 1156 579 1249 bellantur
592 1159 773 1221 ammones
781 1157 896 1220 armis:

98 1262 168 1323 Seu
180 1259 305 1335 circuni
318 1256 547 1353 Hippolyten,
556 1282 613 1325 seu
624 1284 700 1326 cum
709 1285 744 1329 se
754 1264 876 1327 Martia
887 1273 987 1326 curru

99 1366 311 1431 Penthesilea
320 1366 434 1448 refert,
451 1387 639 1453 magnoque
654 1371 804 1432 ululante
821 1370 967 1432 tumultu
999 1378 1002 1382 ’

98 1472 270 1535 Feminea
280 1474 444 1537 exsultant
459 1472 581 1551 lunatis
595 1473 733 1561 agmina-
749 1473 857 1560 peltis.
956 1475 963 1490 ’

46 1618 50 1625 ,
100 1580 216 1662 Quem
226 1577 291 1640 telo
301 1576 464 1661 primum,
478 1600 578 1661 quem
590 1575 1054 1676 postremum,asperarirgo,
1170 1657 1172 1660 Ι

100 1679 254 1745 Deiicis?
272 1692 327 1744 aut
341 1692 421 1763 quot
432 1684 531 1755 ,humi
544 1683 719 1749 morientia
734 1702 874 1767 corpora
883 1680 1018 1745 fundis?

102 1786 280 1849 Eunaeum
296 1782 408 1864 Clytio
421 1783 683 1867 primumpatre:
701 1782 795 1847 cuius
807 1791 961 1866 apertum

99 1889 352 1975 ,Adversilonga
368 1894 608 1959 transverberat
622 1890 730 1953 abiete
749 1899 874 1972 pectus.

102 1994 284 2081 Sanguinis
301 1995 359 2057 ille
370 2012 507 2059 vomens
521 1995 610 2059 rivos
623 1995 724 2075 cadit,
747 2003 845 2073 atque
855 1998 1028 2055 'cruentam

102 2099 238 2163 Mandit
252 2101 407 2179 humum,
427 2100 639 2181 moriensque
647 2120 708 2163 suo
717 2098 793 2163 sein
803 2088 1067 2161 volneraveraai.

103 2199 194 2274 Tum
207 2200 329 2283 Lirim,
348 2204 576 2289 Pagasumque
597 2224 715 2287 super:
736 2218 880 2283 quorum
898 2202 983 2283 alter
1032 2232 1069 2254 ·.
1186 2243 1195 2259 ,

567 2391 569 2401 Ι
637 2310 787 2373 habenas
863 2327 865 2332 ·
942 2347 947 2351 -
1008 2306 1069 2382 670

88 2410 432 2495 ¹Suii'ossorerolutus
447 2434 536 2495 equo
546 2415 630 2477 dum
641 2411 784 2498 colligit,
802 2412 885 2473 alter
951 2436 955 2442 ·
1060 2428 1065 2435 ·

103 2521 198 2585 Dum
207 2521 316 2603 subit,
334 2522 538 2597 pedestrem
555 2518 681 2587 labenti
695 2517 799 2581 tendit
814 2516 995 2592 inermem,

103 2626 309 2709 Praecipites
321 2626 509 2709 pariterque
524 2635 635 2689 ruunt.
650 2624 712 2687 llis
726 2621 818 2685 addit
833 2622 1021 2683 Amastrum
1141 2662 1145 2669 .

93 2733 343 2822 ullippotaden5
363 2735 576 2816 sequiturque
588 2733 785 2797 incumbens
797 2731 927 2795 eminus
939 2732 1040 2791 hasu-
1105 2759 1107 2763 ν

104 2820 298 2923 Tereaque,
320 2841 633 2923 Harpalycumque,
648 2847 682 2901 et
700 2838 997 2919 Demophoonta,.-
1055 2837 1057 2842 ’

575 2942 577 2947 ’
639 2942 896 3023 Chromimque3
960 2938 964 2941 ’

105 3053 267 3137 Quotque
278 3047 395 3123 emissa
407 3068 508 3111 manu
519 3048 677 3115 contorsit
692 3047 817 3130 spicula
830 3044 942 3131 virgo,

104 3156 175 3219 Tot
185 3152 325 3240 Phrygii
341 3151 488 3217 cecidere
505 3154 579 3217 viri.
593 3154 713 3219 Procul
725 3154 875 3234 Ornytus
890 3146 991 3213 armis
1050 3206 1054 3211 .
1121 3143 1123 3148 ’

103 3255 236 3344 Ignotis
254 3264 285 3318 et
299 3274 384 3336 equo
400 3264 539 3319 venator
553 3256 680 3339 Iapyge
696 3254 819 3321 fertura
832 3302 835 3305 .

105 3361 176 3428 Cui
191 3362 387 3449 pellis'latos
401 3364 558 3426 humeros
574 3370 687 3445 erepta
702 3358 844 3425 iuvenco
915 3409 918 3411 ,

105 3470 294 3561 Pugnatori
307 3470 431 3553 operit3
451 3474 548 3553 caput
557 3468 675 3554 iugens
686 3466 753 3531 oris
765 3466 874 3531 hiatus
887 3506 891 3512 ι

105 3576 151 3640 Et
168 3579 279 3640 malae
297 3583 404 3662 texere
416 3573 494 3657 lupi.
506 3594 582 3637 cum
595 3572 748 3635 dentibus
765 3569 865 3654 albis,
888 3625 891 3631 .
917 3614 942 3631 .·
1010 3569 1013 3582 '

88 3702 92 3709 ·
108 3682 325 3770 agrestisque
338 3701 454 3749 manus
472 3689 577 3771 armat
589 3698 713 3761 sparus.
730 3679 803 3760 Ipse
819 3672 958 3741 catervis

109 3791 264 3893 Vertitur
274 3791 316 3857 ¹in
333 3790 467 3887 mediis,
486 3799 519 3857 et
533 3798 601 3856 toto
615 3788 737 3855 vertice
747 3807 849 3874 supra
859 3797 937 3883 est.-
