2809 4817
348 376 388 437 ss
651 334 1026 434 Aruernos
1148 371 1284 450 Μὴ.

349 518 531 581 Observata
543 533 665 595 sequor
672 534 734 595 per
746 517 895 594 noctem,
907 522 939 575 et
949 510 1077 575 lumine
1087 513 1202 577 lustro.

346 624 475 685 Horror
483 618 608 699 ubique
616 616 755 697 animos,
764 615 864 716 simui
874 613 947 699 ipsa
954 614 1086 689 silentia
1097 626 1235 681 terrent.

346 726 429 793 Inde
446 725 600 803 domum,
610 719 639 783 si
650 721 735 783 forte
747 722 884 805 pedem,
895 720 923 783 si
938 721 1023 783 forte
1040 720 1180 804 tulisset,

344 834 400 912 Me
410 830 527 892 refero.
536 828 706 890 Irruerunt
712 824 831 906 Danai,
841 834 873 887 et
881 834 1003 890 tectum
1012 844 1113 889 omne
1125 828 1304 893 tenebant.

344 939 438 1002 Ilicet
449 935 536 1022 iguis
550 936 633 1005 edax
642 954 773 999 summa
782 932 967 1021 adfastigia
976 944 1077 997 vento

344 1041 515 1107 Volvitur:
528 1034 725 1122 exsuperant
737 1040 907 1101 flammae:
919 1038 1000 1105 furit
1017 1049 1125 1103 aestus
1134 1041 1177 1101 ad
1190 1058 1310 1109 auras.

345 1146 510 1227 Procedo,
524 1152 556 1207 et
567 1143 691 1207 Priami
700 1146 794 1209 sedes
803 1155 977 1232 arcemque
990 1143 1110 1209 reviso.

344 1258 385 1317 Et
396 1254 464 1321 iam
476 1251 658 1337 porticibus
668 1252 782 1317 vacuis
794 1252 933 1316 lunonis
943 1252 1042 1333 asylo

344 1357 501 1419 Custodes
514 1353 591 1417 lecti
603 1356 753 1419 Phoenix
763 1365 795 1419 et
811 1355 903 1418 dirus
913 1354 1028 1419 Ulixes

343 1461 504 1522 Praedam
515 1459 736 1521 asservabant.
749 1460 824 1519 Huc
838 1456 986 1539 undique
996 1458 1097 1519 Troia
1107 1476 1188 1545 gara

343 1564 489 1630 lucensis
504 1572 617 1645 erepta
633 1560 756 1643 adytis,
770 1580 971 1643 mensaeque
980 1563 1146 1647 Deorum,

344 1677 560 1753 crateresque
572 1690 655 1734 auro
667 1667 786 1752 solidi,
796 1670 993 1758 captivaque
1006 1670 1103 1737 vestis

343 1774 549 1863 Congeritur.
563 1772 662 1838 Pueri
670 1784 703 1839 et
710 1776 853 1858 pavidae
861 1778 964 1865 longo
979 1774 1097 1841 ordine
1106 1783 1232 1843 matres

341 1884 434 1944 Stant
447 1879 582 1945 circum.

341 1994 447 2053 Ausus
457 1986 649 2069 quinetiam
658 2004 757 2053 voees
765 1987 889 2053 iactare
901 2010 962 2073 per
971 1987 1145 2074 umbram,

340 2091 484 2177 Implevi
493 2093 638 2157 clamore
649 2090 733 2173 vias,
747 2103 955 2176 maestusque
968 2088 1126 2159 Creusam
1250 2103 1313 2181 769

340 2196 574 2279 Nequidquam
592 2196 804 2285 ingeminans
821 2197 1009 2278 iterumque
1024 2198 1213 2281 iterumque

895 2320 1023 2365 voeavr.

340 2404 537 2493 Quaerenti,
548 2413 580 2467 et
594 2402 687 2467 tectis
699 2401 793 2466 urbis
807 2402 879 2490 sine
891 2400 958 2467 fine
969 2403 1110 2489 furenti,

339 2512 462 2575 Infelix
470 2510 686 2578 simulacrum
702 2507 915 2590 atqueipsius
929 2511 1049 2575 umbra
1059 2514 1202 2578 Crerisae

339 2616 418 2683 Visa
430 2612 517 2677 mihi
528 2614 748 2693 anteoeulos,
760 2622 792 2675 et
805 2624 885 2675 nota
898 2614 1006 2677 maior
1019 2616 1143 2704 imago.

340 2716 517 2801 Obstupui,
523 2724 747 2798 steteruntque
759 2736 887 2800 comae,
897 2730 1002 2782 etvox
1009 2720 1161 2789 faucibus
1168 2724 1287 2789 haesit.

337 2827 424 2889 Tum
435 2820 482 2887 sie
491 2820 614 2902 adfari,
626 2830 658 2883 et
671 2840 767 2884 curas
777 2819 830 2883 his
843 2823 976 2895 demere
988 2824 1096 2890 dictis:

337 2927 429 3013 Quid
442 2935 571 2988 tantum
582 2922 700 2999 insano
711 2924 803 2987 iuvat
818 2923 994 3012 indulgere
1005 2929 1130 3011 dolori,

338 3034 368 3095 Ο
383 3030 489 3093 dulcis
502 3029 647 3098 coniux?
660 3049 730 3093 non
745 3031 827 3094 haec
838 3028 910 3091 sine
927 3031 1065 3105 nurnine
1076 3034 1199 3099 Divom

336 3135 512 3198 Eveniunt.
524 3136 592 3195 Neo
602 3144 632 3197 te
641 3133 722 3197 hino
731 3133 886 3199 comitem
900 3148 1068 3219 asportare
1077 3126 1236 3205 Creiisam

333 3247 362 3309 F
362 3265 413 3321 as3
430 3255 487 3305 aut
502 3242 560 3303 ille
575 3240 654 3304 sinit
667 3243 780 3324 superi
794 3253 950 3329 regnator
961 3246 1111 3329 Olympi.

335 3354 452 3437 longa
464 3349 525 3413 tibi
531 3350 655 3432 exsilia,
661 3358 693 3413 et
699 3362 827 3414 vastum
837 3353 937 3415 maris
945 3373 1071 3434 aequor
1079 3359 1261 3439 arandum,

335 3456 376 3517 Et
386 3442 507 3517 terram
516 3454 711 3537 Hesperiam
719 3457 847 3521 venies:
860 3457 920 3521 ubi
929 3459 1071 3542 Lydius,
1085 3480 1166 3523 arva

335 3560 426 3621 Inter
436 3558 547 3640 opima
558 3557 683 3641 virum,
694 3561 765 3648 leni
775 3562 847 3623 fluit
859 3563 993 3649 agmine
1002 3564 1159 3647 ‘ibyhris-

334 3662 409 3725 Illic
425 3682 476 3727 res
489 3665 590 3745 leta'e,
600 3685 821 3751 regnumque,
834 3677 867 3728 et
878 3667 971 3754 regia
984 3668 1108 3734 coniux

335 3770 433 3835 Parta
445 3767 522 3833 tibi:
533 3767 687 3835 lacrimas
698 3769 837 3835 dilectae
846 3771 935 3853 pelle
945 3773 1095 3837 Creusae.

338 4040 340 4047 ι
425 4022 430 4055 t
