2809 4817
358 353 398 428 34
660 346 1016 415 ΑΕΝΕΙῺΟθ
1153 354 1283 417 mind.

281 496 285 505 '
356 488 534 575 Venimus,
551 494 609 553 rut
624 496 736 573 raptas
747 489 792 550 ad
803 487 903 551 litora
914 496 1043 553 vertere
1054 490 1209 575 praedas:
1290 473 1299 494 ’

354 598 431 660 Non
443 594 543 659 cavis
553 592 682 674 animo,
698 612 761 654 nec
777 600 868 654 tanta
879 590 1035 675 superbia
1052 591 1159 657 victis.

354 703 410 765 Est
425 702 529 782 locus,
547 696 744 783 Hesperium
759 697 853 760 Graii
870 698 1070 787 cognomine
1084 700 1219 784 dicunt,

353 806 457 871 Terra
474 801 626 883 antiqua,
638 808 757 884 potens
769 799 870 863 armis
875 844 887 883 ,
902 810 1000 882 atque
1016 805 1119 867 ubere
1130 804 1250 891 glebae
1260 806 1281 891 ts

354 906 494 975 Oenotri
510 909 643 972 coluere
656 904 739 986 viri,
759 926 849 969 nuuc
866 907 973 989 fama,
987 908 1135 975 minores

351 1018 480 1083 ltaliam
494 1014 615 1080 dixisse
629 1014 724 1081 ducis
740 1015 783 1080 de
795 1013 933 1078 nornine
946 1023 1091 1102 gentem.

291 1118 294 1125 '
352 1123 428 1184 Huc
446 1138 559 1183 cursus
570 1116 648 1180 fuit:

351 1228 437 1289 Cum
454 1222 563 1289 subito
579 1224 762 1310 adsurgens
777 1224 879 1286 fluctu
896 1210 1067 1287 nimbosus
1085 1214 1191 1286 Orion

137 1286 139 1294 Ι
214 1316 216 1320 ’
350 1333 391 1395 ln
404 1332 489 1393 vada
500 1326 693 1409 caecatulit,
708 1325 1112 1412 penitusqueprocacibus
1123 1324 1254 1393 Austris

349 1439 477 1517 Perque
490 1434 616 1515 undas,
631 1440 808 1514 superante
821 1432 911 1513 salo,
930 1449 1058 1516 perque
1071 1430 1163 1535 invia
1172 1452 1257 1497 saxa

210 1558 216 1565 ·
349 1541 513 1626 Dispulit3
531 1541 599 1603 bue
615 1534 716 1621 pauci
728 1534 844 1599 vestris
858 1538 1058 1603 adnavimus
1069 1538 1148 1603 oris.

349 1646 450 1733 Quod
459 1662 562 1733 genus
572 1643 638 1705 h'oc
647 1638 1079 1724 hominum,quaerebunc
1091 1646 1315 1714 tambarbrr'a

788 1825 790 1832 Ι
879 1768 1010 1813 rnorem
1289 1781 1291 1785 ·

348 1854 514 1922 Permittit
527 1849 809 1939 patriaibnspitio
819 1850 1039 1938 prohibemur
1049 1859 1188 1921 menae!

347 1963 439 2028 Bella
456 1960 557 2042 cient,
572 1958 747 2043 primaque
760 1964 874 2022 vetant
886 1955 1064 2021 consistere
1079 1969 1176 2024 terra.

347 2066 383 2132 Si
397 2086 501 2154 genus
515 2067 701 2128 humanum
711 2069 745 2125 et
760 2062 916 2126 mortalia
929 2062 1077 2129 temnitis
1086 2084 1194 2143 arma,
1253 2067 1310 2145 54²

347 2176 533 2255 insperate
547 2170 635 2232 Deos
649 2183 813 2231 memores
828 2165 921 2229 tandi
939 2175 1039 2249 atque
1050 2168 1199 2232 nefandi.

220 2298 222 2303 ·
346 2282 420 2343 Rex
435 2283 505 2340 erat
522 2276 648 2339 Aeneas
664 2272 779 2355 nobis,
794 2291 861 2364 quo
877 2270 996 2335 iustior
1009 2274 1095 2338 alter

346 2382 415 2444 Nec
429 2377 551 2463 pietate
568 2374 646 2456 fuit,
660 2395 724 2439 nec
735 2376 825 2438 bello
838 2374 948 2437 maior
958 2374 1114 2441 etarmis.

346 2486 456 2569 Quem
467 2481 497 2547 si
509 2482 577 2544 lata
588 2479 700 2543 virum
713 2488 860 2560 servant,
875 2478 905 2541 si
919 2479 1062 2545 vescitur
1075 2499 1158 2543 aura

345 2585 512 2667 Aetheria,
532 2602 641 2663 neque
655 2582 766 2646 adhuc
780 2582 970 2649 crudelibus
985 2587 1127 2648 occubat
1141 2584 1292 2667 umbris3

345 2693 421 2754 Non
433 2696 555 2768 metus,
567 2679 730 2747 officione
745 2693 778 2749 te
789 2694 927 2749 certasse
940 2687 1088 2769 priorem

344 2793 525 2861 Paeniteat.
540 2792 622 2853 Sunt
635 2800 667 2855 et
679 2789 797 2889 Siculis
812 2789 1004 2877 regionibus
1021 2796 1138 2879 urbes,

344 2902 510 2979 Arvaque,
526 2894 741 2977 Troianoque
754 2915 775 2958 a
789 2896 953 2983 sanguine
970 2900 1078 2961 clarus
1091 2902 1237 2983 Acestes,

345 3009 538 3093 Qumsatam
550 3000 659 3067 ventis
670 3002 769 3066 liceat
780 3004 965 3067 subducere
980 3006 1137 3089 classem,

343 3112 385 3173 Et
396 3108 488 3173 silvis
500 3117 614 3191 aptare
628 3108 753 3190 trabes,
772 3114 805 3169 et
816 3105 976 3194 stringere
987 3108 1108 3172 remos.

307 3280 309 3290 χ
341 3211 379 3279 si
392 3214 490 3275 datam
501 3210 647 3292 Italiam,
664 3208 762 3273 sociis
774 3218 808 3273 ct
823 3221 903 3297 rege
920 3219 1072 3295 recepto,

342 3316 510 3398 Tendere,
522 3324 559 3379 ut
570 3313 701 3379 Italiam
714 3313 793 3380 laeti
805 3315 1002 3399 Latiumque
1010 3328 1171 3401 petamus.

342 3421 402 3493 Sin
418 3423 568 3485 absumta
581 3423 685 3505 salus,
696 3430 730 3486 et
739 3430 786 3505 te,
800 3432 895 3507 pater
904 3433 1041 3507 optume
1053 3424 1239 3515 Teucrum,

342 3529 466 3599 Penus
475 3531 575 3592 babet
583 3523 730 3613 libyae,
747 3552 809 3595 nec
818 3551 893 3614 spes
901 3531 971 3595 iam
984 3540 1085 3595 restat
1097 3530 1180 3614 liiii,

340 3636 383 3700 At
401 3634 484 3698 freta
495 3634 645 3699 Sicaniae
660 3637 793 3718 saltem,
810 3636 968 3716 sedesque
982 3645 1114 3718 paratas
1119 3680 1131 3719 ,

341 3743 438 3807 Unde
449 3741 515 3809 buc
529 3740 673 3827 advecti,
683 3760 865 3833 regemque
876 3749 1029 3830 petamus
1042 3742 1192 3822 Acesten.
1294 3757 1297 3764 ¹
