2809 4817
309 424 348 471 ao
543 403 1030 469 ARGUMENTUM

307 551 375 615 dent
387 568 493 615 eonem
503 595 514 627 ,
524 552 577 635 qai
590 552 702 615 amotis
709 551 898 635 impatientia
913 568 1020 614 omnus
1034 550 1090 613 sibi
1098 551 1267 615 oooseive·

283 657 376 727 ,tant
389 666 510 728 -449,
531 645 579 709 lbi
600 644 708 709 Elisam
731 645 925 727 conspicatus
944 662 1016 707 turn
1034 645 1064 706 ei
1084 662 1117 707 se
1136 662 1269 727 purgare

305 738 416 815 vellet,
437 739 485 801 illa
495 739 724 823 indignabunda
737 757 937 823 conspectum
945 738 1012 803 eius
1022 735 1265 821 effugit-476.

306 831 378 895 inde
387 852 564 916 progressus
577 830 775 917 Deiphobum
792 834 825 895 in
840 831 960 897 sedibus
974 849 1100 906 eorum,
1121 830 1267 912 quibello

303 924 471 1006 aliquando
485 927 672 1002 claruerant,
690 927 793 992 multis
804 925 981 989 vulneribus
995 924 1128 988 lacerum
1142 924 1268 1007 conspi-

307 1017 370 1094 cit,
381 1019 525 1101 necisque
547 1022 613 1085 eius
627 1019 783 1103 iudignum
798 1017 925 1083 modum
937 1018 977 1081 ab
986 1019 1055 1101 ipso
1071 1017 1271 1083 edocetur·-

311 1128 380 1191 iie·
400 1110 520 1177 Relicto
534 1114 642 1179 deinde
661 1116 697 1177 ad
718 1113 836 1177 hevam
853 1112 1004 1190 Tartaro,
1030 1112 1272 1175 sceleratorum*

308 1223 368 1287 que
385 1224 498 1287 poenas
506 1207 648 1287 aSibylla
661 1206 840 1271 edoctus-
849 1208 920 1285 627.
933 1207 970 1270 ad
982 1205 1064 1271 Ditis
1073 1206 1168 1289 ipsius
1178 1222 1268 1267 moe-

309 1296 360 1359 nla
373 1297 552 1375 contendit,
571 1319 758 1383 aureumque
775 1319 892 1365 notum
907 1300 939 1361 in
956 1300 1026 1382 ipso
1039 1299 1140 1382 regiae
1162 1297 1271 1364 lmine

309 1386 543 1472 deligit-636.
563 1388 635 1455 Post
650 1392 777 1455 haeead
796 1391 1024 1455 fortunatorum
1044 1392 1134 1455 sedes
1150 1391 1211 1453 iter
1222 1390 1270 1452 in·

310 1482 424 1557 arimin
444 1500 475 1549 et
491 1504 510 1546 a
524 1482 655 1551 Musaeo
671 1486 709 1549 ad
730 1504 847 1570 patrem
857 1505 947 1550 auum
959 1484 1274 1571 perducitur-678..

309 1574 358 1641 lbi
375 1578 522 1641 Anchises
534 1581 673 1644 Aeneam
686 1580 781 1646 lilium
791 1582 960 1645 animarum
972 1582 1136 1664 originem,
1155 1599 1271 1663 purga·

310 1670 442 1745 tionem,
464 1687 496 1733 et
512 1674 804 1735 consummationem
821 1671 948 1746 edocet,
973 1671 1063 1754 eique
1080 1670 1270 1735 albanorum

245 1824 247 1829 .
311 1760 583 1844 Romanorumque
595 1782 700 1845 regum
715 1782 873 1827 recensum
886 1759 958 1825 facit
968 1808 979 1837 ,
990 1762 1195 1845 nobiliumque
1210 1764 1272 1827 ali·

310 1872 390 1937 quot
416 1854 626 1921 Romanorum
645 1858 770 1937 nomina
787 1853 985 1939 percurrens,
1002 1856 1041 1919 ad
1062 1856 1131 1921 lulii
1151 1858 1272 1923 Cassa·

311 1949 355 2013 tis
370 1966 402 2010 er
424 1949 555 2032 Augusti
580 1950 684 2014 laudes
705 1951 863 2014 descendit
878 1983 921 1999 -
936 1951 1007 2013 860.
1028 1950 1273 2035 Marcellumque

312 2038 462 2104 Octaviae
484 2042 597 2119 filium,
623 2045 783 2109 immatura
796 2056 896 2121 mone
914 2058 1122 2127 praereptum,
1135 2044 1217 2109 mitia
1235 2044 1272 2107 io

235 2206 239 2217 ¹
311 2136 432 2197 eoelum
455 2135 592 2199 laudibus
606 2136 694 2203 effert
714 2172 757 2192 -·
773 2137 843 2203 888.
863 2137 1001 2220 Indepet
1018 2136 1181 2209 eburneam
1192 2142 1271 2220 por'-

312 2245 375 2295 tam
389 2230 427 2292 ad
443 2250 570 2316 superos
583 2251 743 2321 egressus,
763 2234 865 2297 socios
882 2232 1007 2308 revisit,
1022 2230 1195 2315 relictisque
1206 2230 1275 2303 Cras

313 2322 370 2384 mis
386 2321 523 2385 Caietam
541 2325 773 2407 petita-odfin.
1329 2404 1333 2410 ,

327 2434 329 2440 ⁴
354 2415 425 2479 Lrn.
444 2416 513 2479 Vll.
528 2417 688 2505 xCaietam,
711 2420 860 2483 nutricem
880 2437 983 2493 suam,
1006 2418 1128 2483 Aeneas
1142 2417 1271 2503 sepelit,

310 2508 476 2588 locumque
487 2510 584 2591 ipsum
598 2511 637 2572 ab
649 2512 716 2574 eius
730 2514 855 2574 nomine
869 2510 1007 2576 Caietam
1019 2510 1148 2593 appellat
1163 2531 1175 2571 t
1188 2542 1230 2561 -··
1242 2529 1274 2592 ς.

138 2652 142 2661 ,
314 2600 389 2665 Inde
402 2602 509 2667 Circes
520 2604 973 2690 sedempraetervebitur-aa.
988 2604 1187 2693 secundoque
1195 2624 1275 2669 ven·

311 2709 350 2758 ao
366 2694 534 2765 adfsibetis
545 2698 624 2761 ostia
634 2696 789 2762 delemur-e
806 2698 998 2781 adversoque
1014 2694 1139 2760 flumine
1155 2696 1276 2759 subve-

314 2808 399 2867 ctus,
416 2793 447 2855 in
469 2792 651 2859 Laurentem
666 2812 773 2877 agrum
790 2796 944 2878 egreditur
958 2828 993 2842 -
1007 2792 1055 2875 3⁶·
1074 2791 1275 2875 Digressione

315 2886 353 2947 de
364 2886 464 2968 priseo
479 2886 556 2947 Latii
568 2883 650 2949 statu
665 2903 696 2950 et
709 2886 748 2949 da
766 2887 925 2970 prodigiis,
939 2887 1049 2970 quibm
1066 2884 1273 2949 Troianorum
1296 2964 1300 2971 ἢ

316 2981 465 3044 adventus
479 2981 677 3045 denuntiatus
690 2980 809 3057 fuerat,
819 2981 950 3046 facta-
962 2981 1028 3045 106.
1039 2983 1137 3065 pergit
1149 3000 1274 3043 narrare

318 3077 410 3157 poeta
425 3072 505 3137 aliud
523 3088 678 3137 ostentum
698 3092 888 3138 commatum
904 3084 1084 3137 mensarum.
1106 3072 1188 3135 Cum
1205 3075 1275 3137 Ae-

317 3185 390 3235 neas
402 3183 441 3227 ex
451 3165 574 3229 Ascanii
586 3167 688 3231 verbis
702 3168 918 3248 cognovisset,
937 3185 1004 3229 eam
1016 3184 1086 3231 esse
1097 3183 1207 3229 terram
1220 3164 1290 3227 fa-.

317 3261 358 3323 εἰς
370 3260 426 3323 sibi
440 3261 588 3336 debitam
601 3261 639 3323 ad
652 3257 793 3327 Latinum
802 3280 924 3344 regem,
943 3262 997 3342 qui
1008 3262 1074 3324 eius
1089 3273 1205 3329 tractus
1220 3280 1274 3323 te-
1300 3257 1303 3265 '

254 3341 257 3353 '
291 3366 292 3369 ’
318 3370 410 3435 gnum
427 3353 602 3430 obtinebat,
621 3368 744 3417 centum
754 3369 894 3417 oratores
910 3354 1020 3429 mittit,
1037 3354 1093 3436 qui
1103 3370 1137 3415 et
1148 3370 1274 3417 suono-

319 3445 400 3509 mine
412 3444 453 3511 illi
469 3464 593 3516 manera
604 3444 768 3521 offerrent,
782 3462 814 3511 et
827 3445 909 3508 urbis
918 3445 1094 3527 condendae
1103 3444 1207 3507 locum
1217 3462 1275 3527 pe·
1325 3494 1328 3501 .

319 3540 563 3605 teterrimam
575 3554 866 3603 castrametatur·-
879 3557 948 3621 ¹59·
959 3536 1102 3611 Latinus,
1119 3535 1275 3619 legatiooe

319 3624 449 3714 benigne
462 3630 580 3706 audita,
594 3643 715 3714 praeter
727 3628 895 3713 postulata,
904 3628 1059 3695 laviniam
1070 3626 1161 3695 salian
1170 3644 1274 3702 suam,

320 3746 411 3810 quam
421 3746 459 3791 ax
469 3725 575 3807 Fauni,
584 3728 677 3810 patris
692 3727 751 3801 sui,
763 3725 1132 3808 oratuisetexaugurun
1143 3739 1275 3807 nepo·-

319 3821 382 3897 sit,
399 3834 526 3887 externo
540 3818 611 3885 uiro
630 3818 748 3885 tradere
763 3818 940 3895 iubebatur,
958 3817 1040 3883 ultro
1051 3816 1177 3883 nanee
1192 3834 1274 3882 toa·
