2809 4817
336 410 375 471 6²
639 400 991 470 autumnos
1135 414 1267 479 misti.

333 556 382 618 Ae
400 548 520 635 veluti,
540 550 677 615 summis
691 548 862 631 antiquam
875 549 912 613 in
925 552 1095 619 montibus
1105 574 1231 622 ornum
1251 585 1258 595 ·

335 664 421 725 Cum
433 661 522 723 lerro
531 656 670 721 accisam
685 654 875 735 crebrisque
888 656 1090 739 bipennibus
1100 658 1229 728 instant

334 770 458 830 Eruere
470 762 634 849 agricolae
649 760 816 839 uertebrae
833 760 893 823 illa
909 782 1016 844 usque
1026 764 1190 850 minatur,

334 868 374 928 Et
389 864 577 928 tremefacta
594 882 726 925 comam
742 883 900 927 concusso
915 865 1039 929 vertice
1054 878 1167 946 natata

300 958 302 967 ¹
334 969 536 1037 volneribus
551 968 657 1031 donec
676 968 854 1052 paullatim
865 968 973 1033 evicta
986 989 1181 1054 supremum

336 1074 553 1163 Congemuit,
573 1072 739 1153 traxitque
754 1071 841 1159 iugis
856 1074 970 1137 avolsa
983 1073 1124 1138 ruinam.

334 1181 522 1261 Descendo,
538 1198 577 1242 ac
590 1180 731 1243 ducente
740 1180 812 1241 Deo
822 1180 992 1242 flammam
999 1180 1087 1243 inter
1102 1183 1253 1251 etbostis

335 1286 515 1370 Expedior:
535 1287 615 1348 dant
626 1288 691 1348 tela
700 1287 828 1368 locum,
845 1290 1064 1369 flammaeque
1076 1292 1250 1356 recedunt.
1326 1359 1331 1376 Ι

375 1398 501 1475 Atque,
518 1392 577 1456 ubi
586 1392 654 1455 iam
662 1392 792 1475 patriae
804 1402 1001 1475 perventum
1011 1394 1055 1454 ad
1065 1392 1184 1463 limina
1192 1396 1306 1480 sedis,

334 1504 562 1585 Antiquusque
571 1503 703 1582 domos,
715 1500 860 1586 genitor,
876 1520 976 1581 quem
987 1502 1101 1564 tollere
1113 1502 1151 1564 in
1160 1506 1251 1569 altos

337 1609 504 1692 Optabam
517 1606 664 1690 primurn
676 1604 815 1681 montis,
829 1604 1045 1688 primumque
1055 1608 1229 1691 petebam,
1300 1654 1310 1671 .

334 1714 487 1798 Abnegat
499 1710 607 1774 excisa
624 1706 729 1771 vitam
740 1712 925 1792 producere
941 1707 1054 1790 Troia,

334 1817 561 1899 Exsiliumque
578 1816 657 1900 pati.
674 1819 743 1881 Vos
756 1835 796 1898 o,
811 1815 932 1896 quibus
947 1814 1075 1901 integer
1091 1814 1167 1879 aeri

334 1925 491 2012 Sanguis,
504 1926 565 2007 ait,
576 1924 766 2006 solidaeque
779 1943 841 1987 suo
854 1934 941 1988 stant
951 1926 1073 1987 robore
1085 1923 1189 2007 vires,

335 2026 404 2092 Vos
415 2028 534 2114 agitate
550 2027 674 2114 fugam.

335 2138 392 2199 Me
404 2135 433 2199 si
444 2134 622 2198 coelicolae
634 2131 817 2197 veluissent
828 2134 950 2195 ducere
965 2130 1084 2215 vitam,
1222 2133 1299 2206 .an

335 2240 404 2301 llas
419 2236 502 2299 mihi
515 2248 696 2299 servassent
709 2239 812 2301 sedes.
834 2236 917 2302 Satis
930 2257 999 2305 una
1011 2256 1178 2319 superque

334 2343 490 2409 Vidimus
503 2342 647 2426 excidia,
667 2353 700 2406 et
714 2354 829 2429 captae
846 2342 1076 2426 superavimus
1090 2337 1177 2403 urbi.

335 2448 389 2511 Sic
400 2467 437 2530 ο,
450 2446 497 2511 sic
507 2446 652 2528 positum
666 2447 769 2510 adfati
778 2448 937 2511 discedite
954 2464 1084 2527 corpus.

334 2552 409 2635 Ipse
427 2573 527 2615 manu
539 2561 680 2614 mortem
690 2550 1097 2615 inveniam.·Miserebitur
1108 2544 1232 2630 hostis,

335 2656 544 2737 Exuviasque
555 2664 652 2738 petet.
672 2634 791 2716 Facilis
808 2652 935 2715 iactura
951 2650 1106 2735 sepulcri.

335 2764 407 2825 Iam
420 2761 551 2845 pridem
566 2759 692 2824 invisus
703 2758 809 2841 Divis,
819 2769 852 2821 et
865 2758 1007 2841 inutilis,
1022 2778 1129 2821 annos

336 2869 516 2929 Demoror:
526 2886 567 2927 ex
576 2886 643 2947 quo
654 2864 838 2954 rneDivom
845 2876 939 2948 pater
945 2874 1044 2947 atque
1055 2860 1235 2927 hominum
1244 2876 1303 2926 rex

336 2971 496 3035 Fulminis
507 2972 643 3035 adflavit
651 2972 773 3054 ventis,
783 2980 816 3033 et
828 2971 965 3059 contigit
978 2964 1061 3058 ig'ni.

336 3078 432 3140 Talia
444 3083 612 3160 perstabat
623 3097 827 3159 memorans,
837 3074 989 3157 fixusque
1000 3078 1168 3140 manebat.

220 3196 225 3204 ²
335 3183 402 3244 Nos
414 3192 545 3265 contra,
556 3177 653 3247 effirsi
668 3182 826 3265 lacrimis,
837 3182 1025 3278 coniuxque
1036 3186 1177 3266 Creiisa,

336 3284 581 3368 Ascaniusque,
592 3284 767 3366 omnisque
778 3288 912 3369 domus,
926 3307 969 3350 ne
979 3296 1106 3351 vertere
1118 3305 1235 3349 secum

337 3392 464 3454 Cuncta
473 3402 582 3475 pater,
594 3392 731 3471 latoque
739 3393 872 3479 urgenti
883 3392 1075 3457 incumbere
1089 3372 1218 3460 vellet'

258 3496 261 3510 ’
335 3494 502 3583 Abnegat,
513 3499 712 3580 inceptoque
726 3508 759 3562 et
773 3498 905 3563 sedibus
917 3502 1032 3563 haeret
1043 3498 1080 3561 in
1094 3491 1212 3562 isdem.

335 3604 462 3665 Rursus
474 3603 511 3663 in
525 3622 617 3666 arma
627 3603 731 3687 feror,
742 3616 951 3686 mortemque
958 3602 1162 3669 miserrimus
1172 3608 1273 3685 opto.¹

337 3710 422 3772 Nam
433 3708 523 3789 quod
534 3707 707 3773 consilium
717 3718 774 3773 aut
784 3730 869 3791 quae
877 3708 946 3773 iam
955 3709 1089 3773 fortuna
1100 3706 1266 3773 dabatur?

336 3820 434 3883 Mene
448 3810 565 3884 efferre
574 3816 710 3901 pedem,
719 3815 866 3904 genitor,
880 3825 910 3881 le
919 3834 1014 3901 posse
1026 3813 1145 3879 relicto
