2809 4817
349 373 425 434 ‘ate
667 363 1017 460 susurros
1160 367 1294 442 aus.

270 577 275 584 ,
362 507 567 591 Insequitur,
578 503 766 590 trepidique
776 507 896 590 pedem
905 507 989 588 pede
1001 503 1150 570 fervidus
1163 514 1284 590 urget:

363 616 534 678 Inclusum
545 612 649 678 veluti
666 611 698 694 si
715 613 852 694 quando
873 609 1007 674 fluntine
1023 618 1140 672 nactus

365 725 525 802 Cervam,
540 730 598 784 aut
611 720 772 805 puniceae
790 728 938 802 saeptum
950 715 1130 780 formidine
1147 737 1299 800 pennae,

363 831 511 895 Venator
526 846 641 906 utun,
657 825 748 891 canis
768 835 800 890 et
813 822 1003 906 latratibus,
1021 822 1140 902 instat,

363 935 561 1014 meantem,
581 933 711 998 insidiis
728 943 760 997 et
776 933 850 1015 ripa
861 930 995 995 territus
1014 932 1100 1010 alta,

363 1036 458 1101 Mille
473 1038 558 1124 fugit
572 1039 760 1126 refugitque
771 1037 859 1101 vias:
878 1045 913 1098 at
926 1035 1058 1099 vividus
1072 1037 1202 1100 Umber

363 1141 486 1204 Haeret
494 1140 606 1222 hians,
618 1139 829 1220 iamiamque
842 1146 944 1220 tenet,
959 1135 1144 1218 similisque
1160 1135 1290 1203 tenenti
1388 1139 1389 1142 ’

363 1243 532 1326 increpuit
547 1243 659 1328 malis,
672 1263 849 1324 morsuque
864 1244 974 1305 elusus
988 1240 1082 1302 inani
1094 1249 1153 1302 est.

363 1345 451 1406 Tum
463 1365 545 1424 yero
556 1347 703 1411 exoritur
720 1349 862 1410 clamor:
878 1342 1037 1426 ripaeque
1054 1343 1218 1422 lacume
1312 1359 1316 1368 ’

364 1453 571 1534 Responsum
582 1453 686 1536 circu,
703 1463 737 1518 et
753 1454 883 1518 coelum
894 1459 986 1514 tonat
1000 1469 1100 1514 omne
1113 1451 1270 1514 tumultu.
1389 1501 1390 1518 1

364 1552 425 1614 Ille
435 1552 535 1617 simul
548 1556 693 1644 fugiens,
706 1558 847 1620 Rutulos
861 1552 962 1618 sirnul
974 1553 1127 1636 increpat
1137 1553 1267 1635 omnis,

362 1659 678 1744 Nominequemque
687 1669 1022 1742 vocans,notumquc
1036 1659 1196 1746 efflagitat
1205 1679 1322 1724 ensem·
1346 1709 1350 1718 ,
1389 1645 1390 1730 ἷ

351 1765 489 1855 'Aeneas
502 1777 643 1829 mortem
660 1777 792 1844 contra,
809 1785 1029 1847 praeseusque
1044 1763 1195 1828 minatur

363 1867 523 1950 Exitium,
533 1869 562 1932 si
577 1869 753 1950 quisquam
766 1872 876 1948 adeat3
890 1881 1054 1954 terretque
1069 1871 1250 1949 trementia,

363 1971 688 2036 Rutenorum-urbem
703 1975 876 2058 minitans,
894 1987 927 2039 et
942 1978 1073 2042 saucius
1087 1978 1195 2042 instat.
1260 1979 1317 2057 762

363 2075 521 2160 Quinque
533 2076 623 2138 orbis
634 2077 770 2160 explent
789 2099 901 2160 cursu,
920 2078 1123 2160 totidemque
1140 2089 1287 2143 retexunt

362 2181 540 2244 Hucilluc.
556 2185 670 2263 Neque
686 2183 777 2246 enim
793 2182 880 2245 levia
896 2193 953 2246 aut
966 2182 1096 2248 ludicra
1107 2195 1265 2268 petuntur

363 2285 515 2348 Praemia
526 2307 536 2362 3
548 2287 609 2350 sed
616 2285 722 2348 Turni
735 2289 778 2350 de
792 2287 859 2350 vita
872 2296 905 2350 et
914 2289 1076 2376 sanguine
1088 2299 1227 2354 certant·

362 2388 461 2450 Forte
475 2408 568 2458 sacer
581 2391 697 2463 Fauno
718 2389 807 2454 soliis
821 2393 962 2456 oleaster
977 2393 1100 2458 amaris

362 2479 428 2555 Hic
443 2497 590 2568 steterat,
601 2489 712 2554 nautis
729 2490 810 2554 olim
826 2493 1017 2562 uenerabile
1035 2494 1187 2583 lignum:

361 2591 489 2654 Servati
502 2615 544 2656 ex
558 2593 658 2656 undis
673 2593 733 2659 ubi
751 2593 854 2681 figere
868 2599 956 2661 dona
971 2601 1125 2668 solebant

264 2727 267 2733 ·
361 2695 520 2767 laurenti
535 2700 643 2783 Divo,
660 2712 693 2766 et
703 2711 802 2766 ‘votas
817 2684 1140 2786 suspenderefflvcstis.
1265 2763 1267 2767 .
1390 2753 1391 2760 κ

362 2803 427 2865 Sed
439 2803 575 2886 stirpem
587 2802 707 2866 Teucri
724 2805 820 2882 nullo
833 2805 1023 2892 discrimine
1042 2828 1178 2882 sacrum

362 2907 683 2991 Susuleranapuro
700 2917 737 2970 ut
748 2922 883 2990 possent
898 2932 1096 2978 concurrere
1105 2935 1243 3000 campo.

361 3003 427 3074 Hic
442 3014 535 3074 hasta
549 3016 678 3084 Aeneae
696 3015 823 3076 stabat:
840 3018 906 3080 huc
917 3017 1061 3100 impetus
1076 3018 1177 3086 ittam

361 3113 547 3196 Detulerat,
562 3111 711 3196 fixamet
723 3117 812 3180 lenta
828 3118 864 3183 iu
881 3122 991 3189 radice
1007 3129 1149 3189 tenebat.

360 3216 531 3301 incubuit,
550 3219 722 3308 coluitque
740 3244 844 3288 mauu
861 3229 1049 3292 convellere
1063 3231 1193 3297 terrum
1248 3303 1250 3309 ,

362 3325 581 3409 Dardanides,
598 3327 729 3410 teloque
739 3333 849 3416 sequi,
866 3356 966 3415 quem
976 3341 1141 3420 prendere
1157 3319 1270 3406 cursu

362 3431 436 3491 Nou
445 3440 585 3513 poterat.
600 3434 688 3497 Tum
703 3455 784 3506 vero
798 3457 912 3504 amens
927 3439 1107 3518 formidine
1117 3449 1270 3531 Turnus,

361 3535 484 3620 rauce,
490 3559 617 3622 precor,
626 3538 793 3623 miserae,
803 3542 926 3626 inquit3
944 3555 1045 3629 tuqqe
1058 3551 1317 3634 optimafcrrum

361 3641 465 3706 Terra
474 3654 567 3724 tenea
580 3647 669 3718 colui
683 3659 807 3716 vestros
825 3651 994 3738 siscmper
1004 3658 1162 3742 honoret,

362 3748 455 3830 Quos
465 3757 581 3822 conus
594 3751 768 3846 Aeneadae
779 3737 869 3824 betto
879 3757 985 3828 fecere
994 3762 1169 3847 ,profanos
