2809 4817
1377 134 1379 163 l

1377 174 1379 200 l

1377 289 1378 318 l

370 404 431 467 ns
672 342 1025 461 seumn'os
1192 395 1296 455 ess.

366 544 463 618 Nune
477 552 566 614 ultro
578 549 620 609 ad
638 544 764 609 eineres
774 542 878 627 ipsius
889 553 920 607 et
930 561 1002 607 ossa
1014 540 1177 625 parentis,

367 659 468 727 Haud
484 652 638 735 equidem
653 647 727 711 sine
740 656 868 727 mente,
879 665 971 725 reor,
980 644 1052 707 sine
1063 645 1205 707 numine
1213 644 1330 711 Divom

367 764 548 840 adsumus,
564 766 596 819 et
608 764 723 837 portus
742 749 842 814 delati
860 749 1023 815 intramus
1036 746 1170 812 amicos.
1257 749 1260 757 '

367 872 455 957 Ergo
469 866 572 955 agite,
583 858 615 927 e't
628 864 752 925 laetum
766 857 877 923 cuncti
890 858 1094 921 eelebremus
1105 858 1288 940 honorem3

367 978 542 1039 Poseamus
558 978 691 1045 ventos3
708 974 806 1046 atque
818 964 901 1025 haee
913 980 969 1021 me
981 976 1073 1021 saera
1087 960 1269 1040 quotannis
1377 957 1378 1044 t

367 1082 459 1144 Urbe
472 1075 552 1139 velit
568 1071 676 1157 posita
687 1068 820 1153 templis
835 1065 898 1129 sibi
914 1063 1001 1126 ferre
1014 1062 1141 1128 diosfis

366 1184 449 1249 Bina
466 1182 569 1244 boum
579 1174 675 1239 vobis
683 1172 785 1237 Troia
797 1177 972 1258 generatus
981 1167 1113 1227 Acestes

366 1294 433 1355 Dat
447 1302 588 1352 numero
600 1281 709 1365 capita
726 1279 762 1341 in
780 1276 890 1340 navis:
904 1272 1060 1335 adhibete
1068 1269 1220 1354 Penatis,

366 1394 407 1457 Et
418 1390 541 1475 patrios
553 1384 676 1469 epulis,
690 1378 724 1445 et
737 1400 819 1463 quos
835 1376 912 1441 nolit
928 1378 1050 1457 hospes
1058 1376 1202 1439 docetes.

365 1503 555 1577 Praeterea,
563 1492 592 1556 si
605 1510 696 1555 nona
705 1489 796 1551 diem
807 1482 1003 1549 mortalibus
1017 1484 1147 1546 almum

334 1605 337 1625 '
366 1606 494 1668 Aurora
507 1594 681 1676 extulerit,
691 1591 860 1673 radiisque
874 1586 1030 1653 retexerit
1043 1590 1181 1669 οὼοω,

364 1710 476 1777 Prima
489 1706 572 1770 citae
581 1698 717 1765 Teucris
727 1717 853 1783 ponam
865 1695 1047 1761 certamina
1058 1695 1187 1776 classim

364 1813 497 1900 Quique
509 1809 631 1893 pedum
644 1822 742 1867 eursu
751 1800 854 1881 valet,
864 1798 966 1881 etqui
977 1798 1106 1863 viribus
1119 1802 1233 1871 audax

364 1920 431 1983 Aut
446 1915 554 1977 iaculo
564 1906 692 1973 'incedit
707 1904 826 1969 melior
837 1902 1036 1983 levibusque
1046 1901 1193 1989 sagittis,

362 2019 426 2087 seu
445 2016 549 2083 crudo
562 2013 634 2078 fidit
650 2030 801 2098 pugnam
815 2006 1022 2072 eommi'tte're
1036 2016 1145 2072 satu:
1287 2004 1320 2083 69

363 2127 483 2193 Cuncti
491 2123 607 2206 adsint,
618 2118 821 2199 meritaeque
832 2123 1021 2198 exspectent
1029 2112 1180 2196 praemia
1189 2112 1318 2199 palme.

365 2238 433 2301 Ore
448 2233 554 2296 favete
565 2244 678 2291 omnes
687 2236 701 2306 ‚'
707 2230 740 2285 et
749 2229 900 2303 tempora
909 2216 1031 2310 cingite
1045 2214 1158 2283 ramis.
1189 2301 1194 2308 Ι

404 2338 832 2422 sicfatus,ve1atmaterna
847 2339 996 2409 tempora
1014 2334 1139 2408 myrto.

362 2454 437 2517 Hoc
450 2449 614 2530 Helymus
630 2437 720 2518 facit,
736 2438 803 2499 hoe
812 2431 887 2498 aevi
901 2435 1050 2492 maturus
1057 2430 1208 2510 Acestes,

362 2554 436 2620 Hoc
449 2569 532 2635 puer
539 2543 716 2618 Ascanius3
729 2536 879 2619 sequitur
892 2552 977 2615 quos
991 2542 1100 2596 eetere
1109 2536 1229 2616 pubes.

361 2661 424 2723 Ille
438 2679 457 2721 e
474 2650 616 2718 coneilio
629 2644 743 2709 multis
757 2663 834 2706 cum
851 2640 1000 2703 millibus
1015 2638 1087 2701 ibat

362 2765 415 2828 Ad
426 2762 607 2842 tumulum,
620 2773 745 2841 magna
757 2748 886 2814 medius
897 2747 1075 2812 eomitante
1090 2753 1235 2812 caterva·

362 2860 429 2931 llic
441 2867 509 2928 duo
518 2862 582 2927 rite
595 2874 687 2923 mero
700 2856 810 2919 libans
823 2850 990 2917 carehesia
999 2851 1128 2913 Baccho

361 2967 485 3031 Fundit
495 2964 601 3045 humi,
612 2964 680 3024 duo
690 2961 776 3023 laete
787 2974 887 3036 novo,
893 2957 960 3016 duo
970 2952 1250 3039 sanguinesaeroe

361 3076 614 3155 Purpureosque
630 3065 709 3131 iacit
720 3067 831 3143 Βοῖος,
842 3081 880 3123 ac
894 3059 973 3122 talia
988 3058 1094 3121 fatur:

362 3180 472 3261 Salve,
481 3184 592 3241 sancte
603 3169 885 3260 parens‚iterum;
899 3169 1024 3233 salvete
1039 3165 1165 3250 recepti

361 3278 593 3366 Nequidquam
608 3280 749 3362 cineres,
763 3275 960 3356 animaeque
969 3274 1176 3353 umbraeque
1198 3301 1200 3310 ·

892 3379 1061 3467 putemne.
1277 3359 1281 3364 ⁸
1377 3387 1378 3398 ¹

361 3496 438 3559 Non
452 3490 631 3559 lieuit'finis
645 3492 759 3573 Italos,
771 3488 951 3569 fataliaque
963 3506 1059 3571 arva,

361 3602 430 3663 Nee
444 3610 552 3661 tecum
564 3598 767 3681 Ausonium,
784 3595 982 3677 quicunque¹
993 3603 1051 3678 est,
1070 3610 1231 3673 quaerere

910 3698 1085 3783 Thybrim.
1377 3751 1378 3758 ,

362 3808 498 3876 Dixerat
508 3812 607 3877 haee:
619 3811 729 3899 adytis
744 3834 821 3876 eum
839 3807 987 3877 lubricus
998 3808 1116 3897 anguis
1125 3810 1172 3872 ab
1184 3804 1265 3873 imit
1377 3803 1378 3884 ζ
