2809 4817
359 365 421 438 sn
643 361 874 425 cuusx.
911 367 1036 427 ans.

359 511 500 594 Ereptus
511 506 601 573 tetris
613 529 633 572 e
646 506 812 574 cladibus:
830 515 864 572 at
878 527 952 570 meu
963 509 1078 572 Manes

279 615 281 622 ’
360 615 495 682 Viscera
507 618 663 680 Iaetbaeas
676 624 800 700 cogunt
812 625 983 678 transnare
998 635 1057 698 per
1072 617 1201 695 undas3

361 725 487 788 Praeda
501 719 676 784 charontis
687 737 779 808 agor.
790 719 952 784 Viden’ut
968 721 1140 808 flagrantia
1160 718 1263 785 taedis

362 831 506 894 Lumina
521 829 684 892 collucent
700 825 828 892 infestis
843 827 958 890 omnia
972 827 1120 910 templis3
1269 839 1273 846 ·

366 934 475 999 Obvia
492 934 688 1017 Tisiphone,
701 931 907 1017 serpentibus
919 931 1068 1013 undique
1079 940 1206 1013 comta,
1284 967 1290 976 -

364 1043 406 1104 Et
415 1043 562 1104 flammas
575 1052 607 1103 et
620 1058 718 1105 saeva
731 1037 837 1118 quatit
847 1036 931 1101 mhi
946 1038 1083 1100 verbera
1098 1055 1244 1120 poenae;

262 1122 266 1142 ⁴
369 1149 530 1212 cerberus
538 1155 579 1210 et
595 1145 676 1210 diris
689 1147 806 1230 flagrat
823 1141 994 1207 latratibus
1011 1161 1087 1222 ora,

368 1250 541 1340 Anguibus
554 1250 633 1314 hinc
644 1258 744 1336 atque
756 1247 835 1310 hine
845 1249 983 1310 horrent
995 1244 1049 1308 eui
1061 1244 1150 1308 coila
1162 1237 1298 1346 reflexis,

368 1353 616 1443 sanguineique
630 1352 754 1416 micant
767 1352 920 1414 ardorem
932 1347 1068 1414 luminis
1080 1349 1188 1412 orbes.

370 1462 463 1523 Heu!
484 1459 565 1541 quid
576 1459 619 1522 ab
630 1455 739 1520 officio
750 1456 894 1544 digressa
908 1465 956 1522 est
969 1455 1095 1543 gratis,
1116 1464 1239 1518 cumte

371 1563 513 1628 Restitni
522 1560 649 1644 superis
662 1561 721 1624 leti
734 1559 800 1622 iarn
812 1559 927 1622 limine
943 1561 986 1622 ab
1002 1557 1099 1644 ipso?

372 1671 524 1734 Praemia
536 1681 614 1734 sunt
626 1671 756 1756 pietatis
767 1669 852 1732 ubi?
864 1667 994 1751 pietatis
1010 1671 1155 1731 honores

373 1777 415 1838 In
427 1793 529 1839 vanas
545 1775 656 1838 abiere
672 1774 776 1850 vices3
791 1782 824 1836 et
840 1793 918 1836 rure
933 1770 1065 1835 recessit

374 1877 521 1942 Iustitiae
533 1877 625 1960 prior
640 1876 699 1940 illa
716 1875 813 1952 lides3
827 1871 982 1938 instantia
995 1870 1067 1936 ridi

376 1983 535 2063 alterius,
551 1981 622 2046 sine
636 1990 783 2064 respectu
798 2001 873 2044 mea
887 1980 955 2044 fata
969 1977 1176 2072 relinquens3

280 2160 285 2169 ἢ
377 2082 430 2144 Ad
441 2079 563 2162 pariles
576 2101 658 2167 agor
675 2091 830 2158 eventus3
848 2079 887 2142 sn
900 2099 1009 2162 poena
1025 2079 1183 2158 merenti3
1271 2078 1319 2140 nrt

379 2185 540 2252 Poenafit
556 2187 711 2250 exitium:
726 2190 827 2250 modo
843 2187 885 2250 sit
903 2189 982 2250 dum
1003 2197 1098 2274 grata
1111 2188 1274 2250 voluntas!

380 2292 522 2355 Exsistat
534 2313 596 2375 par
606 2291 751 2356 officium
767 2297 774 2354 1
794 2296 894 2356 Feror
909 2293 985 2357 avia
999 2311 1157 2378 carpens,
1288 2287 1293 2294 ’

382 2394 466 2456 Avia
482 2395 678 2460 Cimmerios
695 2397 783 2462 inter
797 2396 950 2460 distantia
968 2399 1081 2463 lucos:
1178 2415 1185 2422 ·

384 2502 494 2583 Quem
504 2497 592 2561 eirea
606 2499 709 2562 tristes
723 2502 901 2564 densentur
911 2501 948 2563 in
958 2500 1073 2564 omnia
1089 2521 1227 2586 poenae.

384 2607 469 2667 Nam
484 2603 614 2668 rinctus
631 2607 723 2670 sedet
735 2604 888 2670 immanis
907 2607 1116 2690 serpentibus
1131 2611 1226 2688 Otos,

385 2709 583 2775 Devinctum
595 2722 737 2777 maestus
752 2715 868 2795 procul
884 2713 1067 2797 adspiciens
1080 2716 1263 2798 Ephialten,

388 2820 507 2883 conati
517 2841 593 2884 cum
603 2821 670 2885 sint
683 2824 851 2902 quondam
867 2822 1054 2886 rescindere
1063 2825 1242 2900 mundums

349 2968 352 2973 ι
388 2926 430 2986 Et
440 2924 557 3007 Tityos
566 2927 728 3004 platona,
743 2936 820 2988 tuae
832 2946 960 2989 mernor
972 2925 1089 2990 anxius
1099 2919 1188 3009 irae,

388 3029 615 3111 implacabilis
626 3030 678 3092 ira
692 3029 808 3114 nimis,
827 3030 911 3096 iacet
927 3033 1014 3096 alitis
1029 3055 1113 3098 esca.
1179 3120 1181 3124 Ι

392 3138 533 3200 Terreor
549 3140 592 3198 ah
607 3137 705 3202 tantis
722 3135 890 3206 insistere,
906 3149 1044 3224 terreor,
1056 3141 1199 3225 umbris,

390 3241 445 3306 Ad
459 3238 592 3327 Stygias
607 3252 780 3306 revocatus
792 3263 903 3324 aquas.
919 3243 984 3306 Vix
997 3243 1133 3307 ultimus
1145 3241 1232 3320 amni

393 3352 524 3432 Restat,
539 3359 706 3416 nectareas
716 3352 844 3417 'Divum
860 3355 919 3436 qui
930 3355 1078 3440 prodidit
1096 3375 1197 3437 escas,
1240 3347 1242 3350 ¹

394 3456 544 3524 curturis
558 3459 666 3523 arenti
679 3462 849 3526 revolutus
864 3461 900 3523 in
912 3461 1024 3524 omnia
1041 3481 1149 3525 sensu.
1211 3493 1214 3500 .

381 3563 502 3646 Quid,
514 3583 630 3629 saxum
645 3567 763 3648 procul
776 3566 914 3628 adverso
926 3565 987 3646 qui
1001 3576 1114 3628 monte
1132 3561 1279 3640 revolvit,

396 3669 614 3733 contemsisse
629 3671 727 3734 dolor
740 3691 838 3752 quem
856 3669 1001 3732 Numina
1017 3669 1122 3731 vineit
1138 3671 1280 3746 acerbus,

398 3777 477 3841 Otia
489 3784 701 3860 quaerentem
715 3781 860 3846 frustra?
873 3784 940 3846 ‘Vos
953 3781 1012 3865 ite,
1031 3781 1180 3864 puellae,
