2809 4817
358 376 499 457 rto·
661 382 1012 449 taretros
1155 386 1270 448 ens.

357 530 515 611 Solvitur,
534 536 632 612 atque
645 528 735 593 viros
746 528 865 593 mediis
875 529 1011 612 exponit
1026 528 1064 593 in
1082 526 1201 595 undise
1267 605 1270 610 y

357 634 533 722 Pragmina
542 654 711 698 remorum
720 650 804 714 qnos
815 642 848 697 et
864 632 1026 697 fluitantia
1041 643 1183 697 transtra

357 738 564 821 Impediunt,
583 736 784 818 retrahitque
797 738 918 819 pedem
936 735 1036 799 simui
1048 738 1144 801 unda
1154 738 1310 802 relabens.

219 826 222 833 ⁴
398 844 465 905 Nee
477 842 627 905 Turnum
639 839 749 927 segnis
758 839 878 905 retinet
889 842 1077 915 morassed
1087 840 1177 924 rapit
1189 862 1265 907 acer
1375 861 1376 942 t

349 948 475 1033 [rotam
488 944 594 1011 aciem
608 946 645 1011 in
657 949 815 1027 Teucros,
828 954 862 1010 et
874 957 990 1011 eontm
1002 946 1041 1010 in
1050 945 1149 1010 litore
1160 945 1256 1015 sistit.
1375 951 1376 1004 ἶ

356 1052 458 1141 Signa
467 1062 602 1115 canunt.
615 1051 745 1115 Primus
756 1062 881 1138 turmas
889 1052 1012 1117 invasit
1021 1062 1167 1139 agrestes

359 1154 502 1233 Aeneas,
522 1174 621 1217 omen
637 1170 783 1240 pugnae,
802 1152 982 1233 stravitque
992 1153 1146 1238 latinos,
1243 1211 1245 1214 .

317 1302 321 1313 ·
358 1256 477 1323 Occiso
491 1258 662 1337 Therone,
680 1254 793 1317 virttm
805 1256 864 1337 qui
876 1276 1052 1321 maxumus
1065 1260 1156 1322 ultro

357 1366 492 1427 Aenean
509 1360 591 1445 petit
602 1382 610 1423 ε
621 1360 700 1424 huie
714 1359 828 1445 gladio
837 1376 963 1443 perque
975 1356 1174 1446 menta,

358 1472 421 1536 Per
433 1467 580 1533 tunicam
588 1468 793 1548 squalentem
802 1468 1291 1553 remanebunt-aponum,
1376 1549 1377 1558 ἵ

356 1574 440 1637 Inde
450 1571 576 1635 Iiehan
588 1570 680 1651 ferit,
700 1579 866 1634 exsectum
880 1569 949 1634 iam
960 1580 1066 1635 matre
1074 1583 1242 1656 mmm,

357 1682 398 1742 Et
412 1677 486 1758 tibi,
500 1676 645 1757 Phoebe,
658 1696 807 1758 eaerum,
818 1696 910 1741 casus
923 1681 1064 1745 eradere
1072 1679 1158 1746 terri
1290 1658 1295 1665 ¹

358 1784 458 1869 Quod
471 1782 564 1846 lieuit
573 1802 687 1865 parvo.
698 1784 765 1845 Nee
781 1784 899 1870 longe,
910 1783 1019 1849 Cissea
1031 1787 1174 1871 durum,

357 1888 608 1968 immanemque
622 1887 737 1968 Gyan,
757 1895 937 1952 sternentes
954 1888 1088 1976 agmina
1105 1892 1221 1977 alara,

358 1992 486 2058 Deiecit
498 1994 581 2055 leto:
603 1992 690 2055 nihii
701 1992 777 2057 illos
788 1993 942 2059 Herculis
957 2016 1071 2079 arma,

359 2094 562 2183 Nearalidae
573 2098 688 2163 iuvere
694 2120 828 2182 manus,
838 2102 1033 2188 genitorque
1039 2103 1242 2188 Melamms,
1254 2107 1305 2167 no

358 2204 493 2268 Alcidae
510 2223 638 2287 eomes,
654 2224 759 2286 usque
773 2204 885 2293 gravis
900 2226 978 2269 eum
990 2216 1077 2269 terra
1087 2208 1221 2273 labores

358 2308 526 2375 Praebuit.
537 2310 619 2375 Eoee
634 2311 760 2393 Pharo,
775 2330 872 2375 voees
885 2313 967 2375 dum
978 2310 1076 2377 iaetat
1086 2312 1220 2400 inertia,

359 2418 557 2497 Intorquens
565 2413 714 2480 iaculum
726 2417 897 2480 clamantis
905 2415 991 2485 sistit
999 2417 1035 2480 in
1045 2436 1116 2482 ore.

358 2525 410 2585 Tn
427 2540 575 2603 quoque,
591 2523 765 2585 flaventem
780 2519 889 2603 prima
902 2520 1061 2607 lanugine
1073 2525 1179 2589 udas

359 2631 449 2693 Dum
458 2624 605 2711 sequeris
615 2623 765 2708 Clytium
779 2622 910 2705 infelix,
924 2642 1013 2686 nova
1025 2624 1166 2711 gaudia,
1178 2627 1304 2710 Cydon,

359 2730 528 2795 Dardania
542 2736 663 2793 stratus
674 2729 788 2789 derna
796 2744 954 2807 ,securus
966 2745 1138 2808 amorum,
1378 2737 1379 2742 ’

359 2838 428 2923 Qui
437 2839 596 2901 iuvenum
608 2834 668 2899 tibi
684 2852 816 2916 semper
827 2840 938 2915 erant,
952 2832 1155 2915 miserande,
1173 2832 1303 2906 iaeeres;

359 2944 402 3005 Ni
418 2944 556 3011 fratrum
566 2941 685 3023 stipata
694 2940 812 3001 cohors
820 2939 906 3001 toret
916 2938 1032 3021 obvia,
1047 2939 1168 3004 Phorci
1229 2983 1238 3004 .

357 3047 550 3136 Progenies:
569 3054 694 3129 septem
709 3063 867 3126 numero,
887 3055 1088 3129 septenaque
1100 3049 1167 3111 tela

359 3151 565 3217 coniiciunte
583 3150 709 3235 partim
723 3150 821 3235 galea
832 3149 1006 3235 clipeoque
1015 3153 1176 3217 resultant

221 3257 224 3262 ’
358 3258 473 3338 irrita3
491 3255 622 3321 deflexit
633 3254 756 3337 partim
768 3253 963 3340 stringentia
977 3262 1103 3338 oorpus‘

358 3366 456 3429 Alma
467 3367 590 3429 Venus.
604 3361 724 3425 Fidum
736 3362 861 3423 Aeneas
876 3360 1009 3423 adfatur
1019 3361 1184 3425 Achaten:

358 3474 503 3557 suggere
516 3471 580 3534 tela
590 3457 686 3551 mihi,
702 3486 771 3531 non
783 3469 891 3531 ullum
906 3468 1041 3546 dextera
1056 3469 1179 3531 frustra

356 3574 502 3637 Torserit
508 3574 543 3636 in
556 3575 709 3656 Rutulos,
720 3584 972 3655 steteruntquae
980 3574 1016 3637 in
1027 3594 1166 3659 eorpore
1174 3570 1303 3639 Graiitm

357 3678 465 3743 Iliacis
477 3681 609 3763 eamp’m.
624 3676 714 3743 Tum
729 3702 885 3768 magnam
897 3681 1035 3764 corripit
1048 3682 1175 3759 hastam
1180 3727 1192 3766 ,

358 3784 399 3848 Et
415 3784 504 3850 iacit.
519 3787 582 3852 ma
599 3788 717 3855 volans
734 3787 835 3871 clipei
844 3790 1087 3855 transverberat
1099 3808 1179 3855 aera
