2809 4817
923 165 930 196 Ι

364 313 426 378 aaa
663 308 862 376 c1a1s.
902 265 1026 390 aare.

403 449 465 515 His
480 448 541 514 ubi
557 448 714 516 sollicitos
729 449 834 516 animi
846 455 1048 520 relevaverat
1064 463 1177 522 aestua

363 556 525 638 Vocibus,
543 566 576 620 et
591 558 715 620 blanda
729 566 843 640 pectus
856 578 915 641 spe
932 559 1055 624 uicerat
1070 580 1236 648 aegrum

363 661 539 726 Paullatim
558 663 772 724 tremebunda
784 663 878 750 genis
891 665 1054 730 obducere
1069 676 1197 732 vestem

364 767 528 854 Virginis,
540 779 573 830 et
585 767 751 850 placidam
766 767 909 833 tenebris
922 779 1054 852 captare
1071 769 1236 854 quietem,

362 871 499 934 Inverso
512 871 664 934 bibulum
677 871 883 958 restinguens
898 873 1014 946 lumen
1029 871 1137 954 olivo,
1251 880 1260 903 ’·
1372 825 1373 858 ³

311 1039 315 1044 ,
363 976 500 1060 Incipit,
514 979 557 1040 ad
567 979 700 1047 crebras
717 976 823 1040 insani
835 978 976 1060 pectoris
991 977 1076 1042 ictus

364 1087 463 1146 Ferre
476 1081 938 1163 manum‚.assiduismulcens
946 1083 1139 1166 praecordia
1151 1081 1277 1168 palmis.

364 1195 501 1254 Noctem
510 1191 604 1254 illam
613 1190 660 1253 sic
671 1201 795 1254 maesta
803 1211 903 1274 super
916 1192 1085 1258 morientis
1097 1193 1252 1258 alumnae
1372 1187 1373 1190 ’

364 1298 552 1382 Frigidulos
567 1297 680 1376 cubito
690 1297 832 1360 subnixa
844 1299 1003 1382 pependit
1012 1301 1146 1364 ocellos.

364 1403 496 1468 Postera
507 1402 564 1461 lua
580 1399 637 1461 ubi
647 1402 733 1462 laeta
749 1400 838 1463 diem
852 1402 1049 1469 mortalibus
1059 1404 1208 1483 almum,

364 1503 405 1564 Et
416 1499 528 1587 gelido
537 1501 674 1564 veniens
686 1503 778 1567 mani
792 1504 961 1584 quatiebat
976 1508 1019 1568 ab
1037 1507 1137 1582 Oeta;

364 1609 474 1692 Quem
482 1605 623 1688 pavidae
634 1605 766 1670 alternis
776 1607 920 1694 fugitant
932 1619 1112 1692 optantque
1124 1609 1270 1690 puellae:
1372 1591 1373 1638 ἶ

364 1708 563 1791 Hesperium
576 1707 699 1788 vitant,
714 1718 829 1792 optant
842 1715 1011 1776 ardescere
1027 1714 1161 1778 Solem:
1275 1785 1278 1792 ,

364 1811 550 1895 Praeceptis
567 1823 660 1895 paret
671 1812 767 1899 virgo
782 1812 933 1902 nutricis,
948 1821 980 1884 et
993 1813 1102 1880 omnis

365 1918 521 2001 Undique
537 1918 703 2000 conquirit
714 1919 862 1984 nubendi
872 1921 987 1988 sedula
1004 1931 1127 1985 causas·
1168 1943 1172 1947 ·

364 2031 549 2092 Tentantur
565 2028 692 2109 patriae
702 2027 871 2093 submissis
885 2027 1022 2092 vocibus
1036 2037 1148 2106 aures,
1261 2019 1310 2082 ³55
1372 2033 1373 2054 ³

365 2138 622 2213 laudanturque
635 2135 742 2224 bonae
753 2131 842 2215 pacis
860 2136 964 2196 bona:
979 2133 1103 2200 multus
1119 2131 1250 2212 ineptae

253 2261 255 2268 ·
365 2239 515 2328 Virginis
527 2238 661 2305 insolito
674 2255 783 2301 sermo
799 2249 906 2302 novus
925 2246 1011 2301 errat
1024 2235 1061 2298 iu
1076 2253 1148 2301 ore·
1210 2283 1214 2290 .

365 2350 618 2438 Nunclremere
628 2343 778 2408 instantis
791 2343 872 2406 belli
887 2340 1068 2408 certamina
1082 2339 1182 2421 dicit,

366 2455 650 2528 Conunaanernque
666 2449 782 2512 timere
794 2451 900 2514 Deum
912 2470 921 2526 3
934 2469 1024 2512 nuuc
1036 2444 1125 2532 regia
1138 2443 1272 2522 amicos,
1372 2447 1373 2484 ³

366 2556 538 2639 (Namque
546 2554 618 2637 ipsc
631 2553 737 2616 verita
746 2564 794 2618 est
805 2552 916 2618 orbari
926 2560 1049 2620 maesta
1061 2548 1223 2634 parente)

367 2660 979 2740 Cumlovecommunisquiquondam
989 2662 1134 2722 habuere
1144 2663 1288 2738 nepotem
1372 2667 1373 2710 1

365 2770 461 2828 Nunc
473 2754 573 2830 etiam
589 2767 739 2830 convicta
753 2767 833 2828 dolo
852 2761 1024 2831 mendacia
1041 2763 1134 2856 turpi
1176 2827 1182 2835 ,

272 2949 277 2960 ι
366 2878 516 2958 Invenit,
532 2887 566 2938 ct
576 2876 701 2978 Diadm
717 2885 815 2940 terret
828 2874 1004 2938 formidine
1018 2875 1120 2953 cirin

366 2985 462 3043 Nunc
478 2982 543 3044 alia
559 3004 600 3044 ex
619 2981 714 3064 aliis,
733 3004 795 3046 nec
807 2986 942 3064 desunt,
958 2983 1072 3046 emina
1089 2979 1227 3062 quaerit.

367 3088 457 3171 Quin
472 3089 570 3150 ctiam
586 3078 692 3152 castos
707 3109 787 3153 ausa
801 3093 848 3154 eat
866 3111 1077 3174 corrumpere
1092 3099 1201 3153 vates:

297 3197 300 3202 ’
325 3254 328 3258 ,
367 3194 429 3278 Ut,
443 3214 519 3255 cum
535 3214 627 3256 caesa
640 3194 698 3276 pio
715 3197 883 3260 cecidisset
897 3196 1030 3258 victima
1045 3196 1155 3275 ferre,

366 3285 495 3379 Essent,
509 3301 567 3382 qui
579 3323 739 3386 generum
754 3304 867 3366 Minoa
880 3304 1067 3366 auctoribus
1079 3301 1163 3366 extis
1207 3307 1210 3313 “

367 3397 522 3483 Iungere,
541 3412 574 3462 et
587 3403 746 3484 ancipites
756 3407 929 3467 suaderent
946 3407 1061 3470 tollere
1072 3427 1210 3492 pugnas.

407 3504 449 3561 At
463 3503 575 3565 nutrix
592 3509 706 3587 patula
722 3527 922 3593 componens
938 3510 1064 3574 sulfura
1081 3519 1178 3590 testa,

307 3657 310 3665 ,
368 3604 569 3687 Narcissum,
587 3601 785 3694 casiamque,
804 3617 921 3678 herbas
937 3615 1084 3680 incendit
1096 3604 1231 3691 olentis3

368 3710 499 3791 Terque
516 3731 647 3777 novena
661 3715 745 3801 ligat
763 3717 885 3798 triplici
902 3717 1031 3784 diversa
1048 3721 1160 3790 colore
