2809 4817
328 358 399 440 '1⁵6
644 371 996 437 susurros
1143 383 1269 455 cce.

339 518 593 601 Conciliumque
608 527 722 601 vocat,
740 519 892 602 vitasque
907 528 940 585 et
952 492 1096 585 eriuiina
1107 522 1214 587 discit.

247 614 256 647 ⁸
336 625 494 691 Proxima
511 623 633 688 deinde
643 630 756 689 tenent
770 624 887 688 maesti
897 626 987 709 loca,
1000 626 1062 706 qui
1070 626 1136 690 sibi
1144 629 1246 695 letum

336 734 486 798 Insontes
497 750 657 814 peperere
666 750 785 811 manu,
796 730 974 809 lucemque
985 729 1098 811 perosi

337 834 511 917 Proiecere
524 832 662 895 animas.
678 834 789 919 Quam
801 834 927 896 vellent
941 835 1077 897 aethere
1088 833 1127 897 in
1139 836 1208 899 alto

338 942 435 1007 Nunc
445 949 477 1005 et
489 936 684 1023 pauperiem
694 948 727 1001 et
742 939 845 1003 duros
857 937 1005 1021 perferre
1018 939 1171 1003 laboresl

338 1050 401 1112 Fas
415 1048 538 1127 obstat,
553 1042 703 1123 tristique
716 1044 813 1135 palus
822 1041 1014 1132 inerrabilis
1029 1046 1122 1109 unda

339 1150 489 1239 Adligat,
503 1158 535 1213 et
546 1148 661 1213 novies
675 1150 760 1229 Styx
774 1148 934 1213 interfusa
948 1152 1086 1215 coercet

341 1263 409 1324 Nec
418 1260 537 1344 procul
548 1257 627 1323 hinc
639 1266 769 1342 partem
782 1260 849 1324 fusi
864 1269 1093 1325 monstrantur
1103 1257 1281 1325 inomnem

340 1368 508 1453 Lugentes
521 1362 650 1447 campi:
663 1363 712 1427 sio
721 1363 798 1428 illos
812 1365 950 1427 nomine
966 1364 1095 1427 dicunt.

341 1469 425 1557 Hic,
441 1494 524 1557 quos
541 1476 646 1537 durus
659 1492 756 1537 amor
764 1473 892 1537 crudeli
902 1476 976 1537 tabe
987 1471 1135 1556 peredit,
1166 1506 1175 1525 ο

341 1580 465 1646 Secreti
481 1582 589 1645 celant
603 1580 717 1659 calles,
733 1587 767 1640 et
780 1585 911 1660 myrtea
923 1577 1051 1641 circum

305 1766 312 1775 ι
342 1688 433 1750 Silva
445 1686 541 1773 tegite
556 1704 656 1749 curae
668 1704 738 1747 non
756 1685 829 1767 ipsa
839 1684 875 1748 in
891 1695 1000 1749 morte
1013 1686 1217 1766 relinquunt.

343 1790 406 1855 His
419 1791 605 1855 Phaedram
621 1788 827 1872 Procrimque
839 1790 922 1855 locis
929 1794 949 1871 ,‘
957 1801 1183 1874 maestamque

866 1896 1073 1980 Eriphylen,

345 2001 583 2065 Crudelisnati
593 2005 833 2077 monstrantem
849 2004 1007 2083 volnera,
1018 2002 1140 2084 ceruit,

345 2108 590 2193 Evadnenque,
608 2118 640 2172 et
653 2107 855 2195 Pasipha‘em
871 2106 923 2173 his
936 2106 1120 2170 Laodamia
1249 2122 1306 2184 447

345 2212 376 2274 It
389 2232 514 2294 comes,
527 2223 574 2295 et,
588 2212 718 2275 iuvenis
726 2214 916 2295 quondam,
927 2233 1017 2277 nunc
1026 2210 1169 2293 femina,
1178 2207 1304 2288 Caenis,

344 2319 473 2381 Rursus
484 2328 517 2381 et
529 2318 567 2381 in
576 2328 724 2383 veterem
734 2319 803 2381 fato
815 2317 968 2380 revoluta
982 2314 1137 2403 figuram.

386 2427 477 2491 Inter
487 2448 569 2511 quas
583 2426 762 2492 Phoenissa
776 2446 891 2490 recens
909 2446 929 2488 a
945 2426 1084 2488 volnere
1094 2424 1186 2486 Dido

345 2537 486 2597 Errabat
500 2532 585 2596 silva
600 2531 638 2595 in
653 2550 797 2616 magnac
810 2550 913 2611 quam
930 2532 1050 2592 Troius
1067 2531 1179 2609 heros,

346 2646 392 2705 Ut
404 2640 552 2724 primum
565 2637 656 2699 iuxta
672 2636 779 2718 stetit,
793 2634 995 2723 agnovitque
1005 2656 1065 2717 per
1083 2636 1220 2698 umbras
1290 2668 1303 2701 z

348 2743 550 2823 Obscuram,
572 2744 707 2821 qualem
719 2740 832 2823 primo
849 2740 909 2821 qui
920 2760 1055 2827 surgere
1067 2762 1185 2804 mense
1300 2758 1306 2773 ·

346 2851 413 2913 Aut
426 2846 533 2929 videt,
544 2854 602 2909 aut
615 2846 845 2927 vidisseputat
857 2868 919 2929 per
927 2846 1044 2909 nubila
1056 2846 1207 2928 Lunam,

347 2950 490 3016 Demisit
501 2950 673 3033 lacrimas,
685 2951 843 3031 dulcique
856 2952 986 3016 adfatus
1004 2970 1118 3015 amore
1129 2958 1197 3015 est:

346 3052 471 3117 Infelix
482 3052 589 3135 Dido,
606 3073 706 3119 verus
721 3054 806 3118 mibi
821 3054 957 3117 nuntius
971 3074 1052 3140 ergo
1138 3071 1141 3078 ’

348 3159 495 3221 Venerat
504 3154 721 3240 channam,
736 3157 892 3239 ferroque
907 3167 1054 3222 extrema
1066 3166 1228 3236 secutam

347 3258 488 3324 Funeris
503 3262 569 3327 heu
580 3248 650 3325 ‘tibi
663 3278 761 3325 causa
771 3260 845 3325 fuir
862 3263 925 3323 Per
935 3260 1045 3326 sidera
1063 3258 1158 3343 iuro,

232 3370 234 3376 '
348 3364 413 3427 Per
423 3383 577 3449 superos,
593 3370 628 3428 et
636 3363 665 3429 si
674 3384 741 3447 qua
752 3363 834 3429 fides
844 3366 964 3429 tellure
972 3364 1194 3446 subimaest3

348 3469 497 3553 Invitus,
513 3468 655 3559 regina,
667 3478 726 3535 tuo
743 3473 787 3535 de
800 3457 901 3539 litore
914 3472 1018 3537 cessi·

351 3578 417 3641 Sed
428 3598 483 3652 me
494 3577 583 3643 iussa
594 3576 718 3663 Dellm,
733 3598 918 3663 quaenunc
930 3582 990 3645 bas
999 3579 1270 3665 ireperumbras,

351 3688 416 3749 Per
423 3687 497 3750 loca
507 3697 601 3752 senta
613 3688 678 3754 situ
690 3700 815 3778 cogunt
827 3698 1026 3774 noctemque
1035 3692 1250 3777 promum,

350 3790 503 3879 Imperiis
516 3814 615 3883 egere
628 3796 719 3882 suis3
736 3818 800 3863 nee
810 3798 946 3863 credere
961 3797 1058 3882 quiri
1137 3857 1140 3863 ,
