2809 4817
377 330 582 393 LIBER
621 332 661 395 X.
701 349 834 409 paco.
1025 339 1083 427 adt

104 470 269 537 Tnaiicit.
287 472 361 538 Hoc
374 468 517 555 spatium
533 480 725 553 tantumque
734 491 848 538 morae
867 472 930 536 fuit
947 474 1018 552 1103

103 580 160 644 Ilo
173 599 328 661 namque
344 581 463 662 procul
478 578 623 649 validam
635 578 797 642 direxerat
807 581 954 643 hastam:
1102 569 1104 574 ’

106 684 365 769 Quammedius
375 686 542 752 Rhoeteus
553 683 738 767 intercipit,
757 684 883 770 optime
894 688 1062 768 Teuthra,

104 793 157 854 Te
166 791 322 878 fugiens,
337 790 537 870 fratremque
548 791 677 872 Tyren:
701 781 866 873 curruque
882 793 1016 857 volutus

68 909 77 923 ‘
106 895 233 961 Caedit
242 895 446 959 semianimis
456 897 656 962 Rutulorum
673 896 817 974 calcibus
838 914 929 961 arua.

106 1003 156 1064 Ac
175 1002 288 1083 velut,
309 1009 422 1083 optato
441 999 547 1063 ventis
563 1008 685 1066 aestate
701 1000 837 1081 coortis,
956 1044 960 1051 -

106 1104 272 1187 Dispersa
285 1102 435 1167 immittit
452 1102 542 1177 silvis
561 1103 716 1192 incendia
729 1107 867 1187 pastore
946 1109 947 1112 ’

106 1211 285 1294 Correptio
300 1210 409 1277 subito
424 1209 558 1291 mediis,
575 1208 762 1274 extenditur
778 1229 847 1273 una

107 1320 269 1385 Horrida·
282 1341 342 1403 per
361 1321 443 1383 latos
460 1318 546 1386 acies
560 1318 723 1385 Volcania
742 1338 895 1400 campos3

108 1428 173 1490 Ille
187 1430 306 1490 sedens
320 1424 427 1489 victor
443 1402 592 1489 flammas
606 1428 771 1507 despectat
784 1423 930 1487 ovantis:
971 1458 973 1464 ·

108 1533 189 1594 Non
198 1529 296 1596 aliter
312 1528 440 1597 acetum
454 1529 558 1593 virtus
571 1529 636 1596 coit
649 1530 758 1599 omnis
770 1529 807 1592 in
819 1551 954 1612 unum,-

108 1629 228 1720 Teque
245 1635 353 1717 iuvat,
368 1637 470 1701 Palla.
488 1637 552 1699 Sed
568 1634 755 1715 bellisaeer
768 1639 908 1701 Halesus

109 1738 237 1803 Tendit
252 1738 287 1800 in
302 1738 473 1829 adversos,
493 1739 639 1819 sequein
650 1759 711 1803 sua
724 1739 851 1826 colligit
864 1749 967 1803 mma.

107 1850 176 1913 Hie
186 1854 309 1911 mactat
318 1846 469 1925 Ladona,
481 1847 701 1928 Pheretaque,
717 1849 1034 1929 Demodocumque3

108 1950 306 2037 Strymonio
319 1953 470 2021 dextram
492 1949 632 2037 fulgenti
650 1952 773 2034 deripit
791 1973 869 2016 ense

109 2060 241 2128 Elatum
254 2058 294 2123 in
311 2057 489 2145 iugulum3·
501 2076 580 2121 auxo
595 2058 671 2123 ferit
685 2078 745 2123 ora
759 2061 942 2145 Thoantis,
1015 2062 1075 2136 415

111 2172 262 2251 Ossaque
274 2166 426 2251 dispersit
437 2168 574 2231 cerebro
587 2166 752 2249 permixta
764 2180 911 2235 cruento.
982 2208 986 2217 -
1009 2208 1011 2220 =

109 2276 189 2335 Fata
202 2290 322 2336 caneres
330 2269 422 2333 silvis
438 2268 571 2356 genitor
583 2271 703 2332 celarat
717 2272 895 2352 Halesum,

110 2384 154 2445 Ut
168 2380 281 2445 senior
294 2382 362 2443 leto
376 2377 527 2443 canentia
539 2374 670 2443 lumine
682 2378 797 2457 solvit3
902 2416 906 2422 ,

109 2462 261 2549 Iniecere
271 2504 408 2548 menum
421 2486 557 2565 Pareae,
568 2483 715 2565 'telisque
732 2482 904 2561 sacrarunt

110 2593 268 2656 Evandri.
282 2596 390 2678 Quem
402 2592 449 2656 sie
459 2594 567 2656 Pallas
586 2592 671 2675 petit
684 2605 761 2656 ante
778 2605 948 2676 precatus:

90 2780 93 2787 ,
110 2700 161 2761 Da
172 2720 264 2761 nunc
273 2744 283 2779 ,
300 2698 430 2783 Thybri
444 2706 553 2780 pater,
569 2697 673 2779 ferre,
694 2699 787 2777 quod
801 2698 922 2761 missile
938 2698 1043 2780 libro,

110 2810 291 2869 Fortunam
306 2816 404 2886 atque
418 2805 509 2867 uiam
527 2802 603 2865 duri
619 2822 680 2884 per
690 2811 806 2884 peetus
817 2801 937 2869 Halesi.

109 2915 203 2976 Haec
218 2932 310 2974 arma
324 2911 523 2992 exuviasque
534 2910 600 2989 viri
616 2920 826 2990 tua-quereus
836 2907 984 2971 habebit.
1053 2944 1057 2949 ‚

110 3022 225 3085 Audiit
240 3020 298 3084 illa
313 3022 420 3085 Deus:
434 3022 514 3081 dum
532 3018 612 3081 texit
623 3019 771 3081 =Imaona
787 3020 944 3099 Halesus,
994 3060 997 3069 -

111 3125 254 3190 Arcadio
268 3124 385 3187 infelix
403 3126 469 3185 telo
490 3124 548 3185 dat
561 3130 673 3205 peetus
686 3121 863 3186 inermum.

110 3232 149 3291 At
163 3250 234 3292 non
248 3230 347 3293 caede
360 3226 425 3289 viri
445 3234 535 3289 teuta
552 3226 725 3308 perterrita
743 3228 888 3304 Lausus,

110 3333 189 3393 Para
204 3330 323 3417 ingens
336 3328 435 3409 belli,
455 3327 533 3395 sinit
546 3327 694 3414 agmina:
718 3328 846 3411 primus
861 3328 1024 3391 Abantem

112 3427 502 3519 Oppositumiaterimit,
517 3448 649 3516 pugnae
658 3432 852 3510 nodumque
864 3448 1070 3516 moramque.

110 3533 274 3600 Sternitur
283 3534 451 3601 :Arcadiae
467 3537 593 3618 proles3
609 3532 960 3611 sternunturEtrusci3

110 3638 148 3699 Et
169 3657 245 3719 vos,
265 3656 286 3699 o
302 3637 410 3703 Graiis
426 3636 593 3721 inpaedita
612 3658 768 3721 corpora,
780 3638 912 3703 Teucri.

111 3742 254 3830 Agmina
272 3754 474 3812 concurrunt
494 3745 697 3827 ducibusque
716 3755 747 3813 et
757 3747 883 3818 uiribus
892 3745 1014 3829 aequis.
1085 3820 1090 3829 ¹
