2809 4817
361 418 420 483 ²44
659 394 1011 483 ennetnos
1153 398 1271 476 mn.

356 550 503 619 Inarime
513 547 601 613 loris
613 544 762 631 imperiis
779 544 922 629 imposta
934 543 1110 627 'lypboec
1190 629 1195 637 .

396 658 463 729 llic
475 666 563 727 Mars
576 658 778 743 armipotens
794 654 944 721 animum
960 654 1114 733 viresque
1128 650 1252 719 latinis

356 764 502 843 Addidit,
522 769 554 825 et
568 758 720 825 stimulos
734 755 820 821 acris
835 758 899 821 sub
913 764 1045 839 pectore
1059 754 1192 834 vertit,

356 865 561 945 smmisitque
578 862 704 948 Fugam
720 857 856 923 Teucris
869 866 1043 939 atrumque
1053 855 1235 920 Timorem.

356 972 510 1053 Undique
520 965 741 1042 conveniunt3
756 961 917 1045 quoniam
928 964 1007 1026 data
1018 960 1116 1047 eopia
1127 969 1274 1051 pugnae3
1299 999 1301 1002 -

218 1140 226 1161 ,
354 1079 561 1155 Bellatorque
574 1069 702 1135 animos
711 1066 939 1136 Deusineidit.

355 1180 541 1259 Pandarus,
553 1182 591 1241 'ut
611 1176 685 1239 fuso
698 1190 896 1261 germanum
912 1191 1052 1255 corpore
1067 1172 1191 1253 cernit,

354 1287 395 1349 Et
407 1300 473 1365 quo
485 1280 527 1346 sit
542 1280 674 1343 fortuna
686 1280 778 1360 loeo,
795 1276 854 1358 qui
866 1296 961 1341 casus
971 1286 1048 1365 agat
1059 1294 1130 1359 res,

352 1384 487 1447 Portam
498 1382 534 1447 vi
549 1384 654 1447 multe
665 1398 826 1445 converso
841 1379 978 1444 cardine
990 1388 1141 1462 torquet,

354 1486 506 1561 obnixus
523 1485 597 1551 latis
613 1486 778 1567 humeris,
795 1486 985 1566 multosque
998 1504 1138 1549 suorum

353 1593 528 1659 Moenibus
538 1594 687 1657 exclusos
702 1594 788 1657 duro
802 1590 840 1655 in
854 1588 1034 1654 certamine
1050 1587 1195 1671 linquit,

351 1705 408 1763 Ast
419 1700 503 1763 alios
513 1719 624 1763 secum
641 1696 783 1761 includit
795 1693 975 1777 recipitque
992 1692 1136 1774 ruentis,

351 1808 513 1869 Demens!
529 1803 588 1885 qui
598 1805 760 1868 Rutulum
769 1801 807 1865 in
815 1799 927 1867 medio
940 1820 1011 1865 non
1022 1800 1157 1887 agruine
1165 1820 1276 1892 regem

350 1902 480 1973 Viderit
494 1904 754 1989 irrumpentem,
765 1906 922 1986 ultroque
933 1904 1103 1969 incluserit
1110 1906 1210 1989 urbi,

349 2007 534 2071 manem
544 2008 648 2071 veluti
658 2022 785 2091 pecore
796 2006 883 2071 inter
893 2006 1017 2071 inertia
1027 2006 1151 2095 tigrim.

351 2108 519 2173 Continuo
536 2128 624 2174 nova
640 2111 699 2173 lux
716 2108 822 2174 oeulis
836 2104 978 2192 offulsit,
994 2118 1028 2174 et
1039 2129 1135 2173 uma
1246 2116 1289 2193 7³¹

350 2216 565 2283 Horrendum
576 2236 737 2283 sonuere:
751 2224 898 2281 oemunt
908 2214 947 2279 in
959 2214 1082 2281 vertice
1095 2215 1214 2283 cristae

350 2321 569 2409 Sanguineae,
585 2320 758 2407 clipeoque
769 2318 926 2385 micantia
935 2318 1077 2383 fulmina
1088 2321 1234 2386 mittum

349 2429 540 2515 Agnoscunt
551 2426 671 2491 taciem
686 2423 828 2489 invisam
839 2433 940 2507 atque
950 2423 1113 2489 immania
1124 2430 1266 2493 membre

347 2528 487 2599 Turbati
500 2527 610 2599 subito
620 2535 803 2597 Aeneadae.
812 2534 901 2605 ,Tum
909 2534 1080 2599 Pandente
1093 2534 1213 2623 ingens

349 2640 491 2724 Emicat,
504 2649 538 2704 et
549 2639 664 2705 mortis
677 2641 843 2705 fraternae
858 2641 1005 2705 fervidus
1017 2641 1068 2705 ira

348 2739 492 2807 Efflatur:
514 2746 590 2807 Non
600 2744 682 2807 haee
691 2743 819 2808 dotalis
831 2741 922 2829 regia
936 2745 1085 2822 Amatam

348 2852 415 2919 Nec
424 2848 527 2913 muris
541 2849 672 2915 cohibet
685 2850 801 2933 pstriis
814 2850 925 2913 medin
933 2852 1042 2915 Ardea
1051 2852 1216 2915 Turnum.

348 2956 461 3021 Castra
470 2951 607 3013 inimica
623 2952 732 3015 videet
745 2953 839 3014 nulla
851 2951 931 3015 hine
943 2950 1033 3018 exire
1046 2963 1199 3035 potestas.

348 3053 419 3118 Olli
430 3052 604 3117 subridens
614 3053 728 3117 sedato
744 3063 876 3137 pectore
891 3055 1041 3119 Turnus:

346 3158 476 3243 Incipe,
493 3158 522 3223 si
530 3180 596 3240 qua
604 3157 719 3221 animo
726 3157 846 3241 virtus,
860 3168 894 3221 et
907 3178 1041 3223 consere
1051 3159 1221 3239 dextram,

345 3255 410 3326 llic
424 3263 525 3329 etiam
537 3262 710 3327 inventum
720 3262 857 3327 Priamo.
864 3261 1016 3327 narrabis
1024 3263 1200 3329 Achillem

342 3369 491 3433 Dixerat.
501 3370 563 3433 Ille
581 3372 698 3435 rudem
708 3368 807 3433 nodis
818 3378 852 3433 et
862 3368 984 3433 cortice
996 3370 1100 3433 crudo

342 3474 514 3554 Interquet
530 3471 668 3539 summis
684 3471 826 3540 adnixus
844 3471 972 3537 viribus
985 3476 1125 3537 hesum.

341 3578 507 3659 Excepere
517 3596 619 3643 aurae
632 3579 767 3656 volnus,
784 3577 938 3641 Saturnia
952 3579 1038 3641 luno

337 3681 480 3765 Detonsit
492 3683 646 3763 veniens3
664 3698 844 3769 portaeque
859 3682 1013 3771 infigitur
1026 3686 1131 3751 hasta.

338 3788 381 3851 At
396 3806 464 3851 non
478 3786 541 3851 hoe
555 3788 675 3871 telum,
691 3792 766 3853 mea
779 3789 869 3869 quod
884 3786 1069 3862 videntem
1081 3798 1208 3871 versat,
