2809 4817
360 370 657 480 mannia
697 420 820 503 aaa

111 558 200 639 Nate,
220 556 487 639 quis'indomitas
499 568 608 623 tantus
624 561 720 625 dolor
728 552 857 628 ‘excitat
869 564 957 631 iras?

100 662 196 746 ¹Quid
210 662 315 727 furis?
329 670 387 725 aut
402 680 550 743 quonam
564 664 669 727 nostri
687 664 749 728 tibi
760 688 840 731 eura
852 670 1006 737 recessit?

111 772 181 835 Non
195 769 288 854 prius
302 768 481 853 adspicies,
497 768 556 835 ubi
570 770 692 838 fessum
708 782 816 840 aetate
832 787 1006 859 parentem

111 872 254 959 Liqueris
264 864 452 941 Anchisen?
468 886 600 959 superet
613 877 780 945 eoniuxne
794 882 934 962 Credas,

111 981 329 1063 Ascaniusque
344 982 450 1065 puer?
466 1002 549 1062 quos
563 982 672 1048 omnis
687 985 835 1070 undique
849 982 972 1055 Giaiae

114 1090 238 1153 Circum
251 1101 364 1155 errant
375 1089 478 1173 acies,
494 1100 541 1173 et,
555 1090 593 1153 ni
607 1110 682 1155 mea
691 1112 774 1157 eura
783 1092 928 1177 resistat,

113 1201 176 1262 Iam
184 1202 337 1263 flammae
353 1198 504 1280 ualerint,
523 1196 679 1263 inimicus
689 1200 726 1261 et'
738 1198 885 1263 hauserit
895 1198 992 1265 ensis.

114 1308 180 1368 Non
192 1304 252 1367 sibi
261 1294 465 1389 Tyndaridis
474 1301 574 1365 iacias
588 1300 696 1366 invisa
710 1303 893 1385 Lacaenae,

115 1412 305 1495 culpatusve
318 1407 427 1487 Paris,
441 1405 565 1470 Divom
576 1406 809 1490 inelementia,
824 1409 964 1493 Divom,

113 1519 172 1581 Has
181 1517 297 1581 evertit
309 1536 403 1601 opes,
422 1513 604 1595 sternitque
620 1532 641 1578 a
656 1512 802 1577 eulmine
816 1512 966 1578 Troiam.

114 1621 254 1703 Adspice:
265 1639 411 1701 namque
420 1637 570 1699 omnem,
585 1636 671 1697 quae
682 1637 774 1681 nune
781 1619 926 1683 obducta
938 1618 1043 1685 tuenti

114 1723 250 1789 Mortalis
260 1726 394 1787 hebetat
403 1722 492 1790 visus
504 1722 578 1803 tibi,
592 1731 624 1785 et
638 1722 778 1787 humida
792 1723 919 1789 dueum

114 1831 241 1917 Caligat,
254 1832 381 1897 unbem
394 1828 543 1914 eripiam.
560 1832 612 1893 Tu
625 1852 669 1895 ne
685 1851 752 1913 qua
767 1813 917 1917 parentis
1024 1850 1028 1857 '

112 1940 191 2001 Iussa
203 1938 296 2021 time,
315 1960 381 2001 neu
394 1934 577 2021 praeseptis
592 1956 709 2021 parere
722 1957 850 2005 reeusa.
951 1990 959 2001 .

113 2030 183 2122 Hie,
199 2039 257 2103 ubi
274 2040 425 2104 disiectas
439 2029 543 2104 moles
555 2042 836 2123 avolsaquesaxis
1000 2046 1062 2111 sos

114 2144 186 2207 taxa
199 2138 305 2226 vides,
324 2143 494 2225 mixtoque
510 2146 692 2209 undantem
706 2148 844 2228 pulvere
856 2146 1004 2232 fumum,

113 2248 271 2331 Neptunus
283 2270 396 2313 muros
410 2260 599 2336 magnoque
610 2260 723 2311 emota
739 2250 874 2315 tridenti

28 2403 29 2433 2
113 2355 327 2420 Fundamenta
341 2356 461 2439 quatit,
479 2364 649 2435 totamque
662 2354 706 2416 ab
718 2355 853 2419 sedibus
864 2357 983 2424 urbem

113 2446 374 2552 nasamonas
384 2446 502 2525 scaen
515 2458 705 2525 saevissima
719 2471 832 2544 portas

113 2566 212 2631 Prima
221 2577 329 2651 tenet,
341 2568 535 2649 sociumque
549 2566 665 2629 turem
680 2566 856 2633 anavibus
867 2586 991 2655 agmen

112 2673 198 2739 Ferro
211 2676 359 2740 accincta
374 2684 482 2739 voest.
784 2761 787 2765 A

111 2778 172 2844 Iam
189 2803 335 2847 summas
351 2782 436 2845 areis
449 2776 623 2860 Tritonia,
640 2778 784 2863 respice,
804 2780 914 2844 Pelias

109 2884 238 2970 Insedit,
255 2886 373 2951 nimbo
387 2881 549 2971 effulgens
560 2896 593 2948 et
605 2886 762 2971 Gorgone
771 2904 882 2949 saeva.

109 2994 172 3076 ipse
185 2997 280 3057 Pater
294 2990 419 3054 Danais
434 2989 565 3053 animos
579 2988 734 3070 viresque
750 2985 913 3055 secundas

110 3098 240 3165 Sufficit:
259 3088 329 3183 ipse
341 3100 430 3161 Deos
443 3086 481 3165 iu
490 3097 645 3160 Dardana
659 3094 793 3159 suscitat
806 3112 911 3157 arma.

110 3206 212 3291 Eripe,
224 3216 315 3287 nate,
331 3202 462 3289 fugam,
478 3198 646 3282 finemque
659 3199 798 3282 impone
810 3193 931 3262 labori·
964 3194 967 3199 ’

109 3314 265 3395 Nusquam
278 3312 397 3392 abero,
413 3317 447 3372 et
463 3312 572 3371 tutum
582 3303 692 3388 patrio
706 3312 738 3365 te
746 3298 865 3367 limine
874 3296 997 3363 sistam

109 3420 248 3499 Dixerat,
260 3429 293 3483 et
303 3415 414 3501 spissis
426 3413 532 3479 noetis
542 3432 578 3474 se
592 3408 742 3475 condidit
757 3395 909 3471 umbris.-

109 3527 266 3610 Apparent
279 3526 372 3589 dirae
387 3506 502 3602 facies,
521 3516 724 3596 inimicaque
733 3512 856 3578 Troiae

111 3629 242 3696 Numina
254 3649 378 3716 magna
393 3625 514 3691 Deum.

28 3806 29 3815 ἦ
141 3740 222 3803 Tum
233 3760 315 3804 vero
330 3758 430 3800 omne
444 3734 527 3799 mihi
540 3733 649 3799 visum
660 3730 878 3817 considerein
890 3726 979 3818 iguis

111 3836 216 3932 Ilium,
231 3852 264 3911 et
275 3864 318 3913 ex
330 3842 401 3906 imo
413 3840 499 3909 verti
513 3838 679 3926 Neptunia
698 3836 815 3903 Troia:

1011 433 1070 530 ,aa
