2809 4817
338 392 785 477 strennuus,
983 414 1042 479 ψ
1229 362 1233 373 ’

77 532 179 599 Haud
194 531 306 615 aliter,
317 532 421 597 iustae
433 534 552 615 quibus
564 546 612 602 est
621 539 802 603 Mezentius
812 538 896 624 irae,

19 652 23 689 f
77 642 152 706 Non
165 640 230 703 ulli
243 650 292 703 est
304 639 434 712 animus
446 641 557 705 stricto
567 658 763 709 concurrere
775 644 881 725 ferro,
923 686 926 692 -

78 744 260 808 Missilibus
271 746 371 832 longe
381 756 413 809 et
424 756 517 811 vasto
530 751 674 813 clamore
686 750 860 815 lacessant.

19 878 21 885 ·
78 852 225 915 Venerat
238 851 382 932 antiquis
392 850 530 934 Corythi
545 854 586 916 de
600 850 723 925 finibus
734 858 862 939 Acron,

78 957 197 1021 Graius
203 958 318 1033 horn03
332 956 469 1021 infectos
477 956 630 1040 linquens
638 960 800 1045 profugus
808 962 1027 1044 hymenaeon

77 1067 177 1126 Hunc
189 1062 251 1125 ubi
264 1061 454 1125 miscentem
465 1064 565 1150 longe
578 1064 687 1126 media
700 1066 834 1151 agmina
847 1064 945 1153 vidit,
970 1052 972 1057 ⁵

78 1174 287 1253 Purpureum
299 1168 419 1252 pennis
430 1177 464 1232 et
471 1180 587 1251 pactae
598 1166 748 1256 coniugis
761 1180 868 1236 osum:

78 1273 240 1357 Impastus
252 1274 380 1336 stabula
391 1274 457 1335 alta
470 1273 524 1335 leo
538 1292 597 1335 ceu
609 1292 708 1354 saepe
723 1294 918 1358 peragrans,

79 1380 197 1444 Suadet
207 1378 298 1443 enim
307 1396 429 1443 vesana
441 1379 560 1455 famen
575 1376 603 1441 si
615 1379 700 1441 forte
713 1381 867 1467 fugacem

80 1484 490 1568 Conspexitcapream‚aut
498 1491 686 1569 surgentem
694 1482 730 1546 in
740 1502 865 1549 cornua
876 1506 1029 1577 cervum,

80 1594 222 1673 Gaudet,
232 1592 328 1655 hians
339 1591 685 1675 immane,comasque
697 1592 833 1675 arrexit,
842 1607 876 1658 et
884 1597 999 1663 haeret

80 1694 264 1759 Visceribus
272 1714 371 1779 super
382 1694 592 1774 incumbensa
607 1694 688 1761 lavit
698 1695 853 1782 improba
868 1708 951 1767 teter
1018 1684 1022 1692 ⁴

81 1802 144 1865 Ora
160 1822 277 1865 cruor:

80 1904 127 1969 Sic
140 1906 209 1969 ruit
221 1905 257 1969 in
270 1909 387 1972 densos
399 1910 508 1973 alacer
522 1910 702 1975 Mezentius
713 1914 832 1977 hostes.

82 2008 239 2073 Sternitur
251 2009 367 2076 infelix
376 2013 501 2092 Acron,
515 2023 546 2075 et
562 2011 706 2076 calcibus
720 2023 827 2077 atram

82 2114 201 2179 'fundit
210 2117 350 2181 humum
361 2117 545 2201 exspirans,
554 2115 759 2199 infractaque
768 2120 833 2182 tela
842 2126 1001 2186 cruentat.

82 2222 183 2303 Atque
196 2221 285 2285 idern
299 2223 479 2309 fugientem
491 2224 582 2285 haud
594 2232 642 2286 est
655 2223 808 2309 dignatus
820 2224 955 2288 Oroden
977 2232 1035 2307 732

82 2332 242 2411 Sternere,
253 2354 314 2395 nec
326 2333 412 2396 iacta
423 2352 556 2395 caecum
566 2332 644 2393 dare
656 2328 790 2411 cuspide
800 2331 933 2395 volnus:

82 2440 203 2503 Obvius
218 2442 421 2520 adversoque
432 2438 588 2519 occurrit,
599 2458 699 2520 seque
711 2435 786 2498 viro
797 2436 850 2498 vir

82 2547 239 2629 Contulit,
248 2549 339 2610 haud
350 2547 440 2609 furto
452 2545 583 2626 melior,
593 2545 651 2609 sed
664 2540 805 2607 fortibus
813 2541 923 2606 armis.

80 2650 160 2712 Tum
172 2670 274 2732 super
281 2650 446 2712 abiectum
458 2647 566 2732 posito
579 2648 663 2730 pede
674 2645 771 2710 nixus
784 2655 817 2709 et
829 2646 943 2707 hasta:

81 2752 151 2815 Pars
161 2750 243 2813 belli
254 2751 345 2813 haud
358 2750 550 2832 temnenda,
560 2747 641 2829 viri,
652 2747 738 2811 iacet
750 2750 835 2811 altus
844 2748 981 2810 Orodes.

82 2853 293 2917 Conclamant
302 2851 381 2917 socii
395 2854 517 2915 laetum
534 2870 661 2933 paeana
676 2847 789 2914 secuti.

78 2958 135 3023 llle
143 2969 253 3024 autem
262 2959 430 3044 exspirans
442 2982 450 3021 ε
463 2962 535 3021 Non
551 2949 620 3041 me,
630 2959 821 3039 quicunque
831 2976 880 3041 es,
891 2956 1014 3041 inulto,

80 3060 202 3144 Victor,
214 3084 275 3127 nec
286 3065 424 3151 longum
438 3048 601 3125 laetabere
614 3084 624 3140 3
635 3074 668 3126 te
680 3083 813 3145 quoque
822 3062 889 3126 fata

79 3167 285 3251 Prospectant
298 3166 406 3249 paria,
417 3176 515 3245 atque
527 3168 642 3258 eadem
650 3185 729 3227 mox
741 3186 822 3229 arra
831 3168 969 3234 tenebis.
1063 3172 1068 3187 '

78 3274 124 3333 Ad
135 3273 416 3354 quemsubridens
429 3271 532 3334 mixta
542 3270 721 3335 Mezentius
731 3272 799 3335 ira:
1046 3353 1048 3360 Ι

79 3380 170 3445 Nunc
180 3400 320 3446 morere.
338 3384 394 3446 Ast
404 3383 445 3445 de
456 3400 510 3443 me
522 3378 644 3443 Divom
657 3390 753 3463 pater
766 3390 864 3463 atque
874 3379 985 3443 homi·

23 3558 24 3563 ἵ
695 3505 777 3548 num
791 3505 851 3547 rex

77 3585 214 3650 Viderit.
229 3590 303 3650 Hoc
314 3588 427 3651 dicens
440 3584 553 3667 eduxit
569 3604 709 3668 corpore
722 3589 833 3651 telum.

80 3694 144 3757 Olli
157 3698 239 3761 dura
251 3696 343 3777 quies
355 3700 510 3763 oculoset
524 3698 650 3761 ferreus
665 3708 761 3785 urget

78 3802 233 3883 Somnus3
248 3803 285 3866 in
300 3813 467 3870 aeternam
482 3806 682 3869 clauduntur
695 3805 825 3870 lumina
838 3813 978 3870 noctem.
