2809 4817
356 322 561 387 claun
599 324 653 387 ιι
692 329 852 407 arua„
1023 326 1062 392 ⁶⁵

128 473 222 536 Ecce
235 466 427 549 trahebatur
443 464 547 549 passis
563 464 728 529 Priameia
743 466 842 553 virgo

92 578 250 642 Crinibus
259 594 280 637 a
294 556 420 655 templo
429 570 612 633 Cassandra
623 567 799 653 adytisque
808 568 996 654 Minervae,

87 687 142 747 ‘sd
157 684 292 748 coelum
302 680 441 743 tendens
456 675 607 737 ardentia
621 673 750 737 lumina
761 673 899 737 frustra:

92 788 257 865 Lumina,
275 804 354 847 nam
367 791 495 845 teneras
509 782 665 843 arcebant
679 778 816 844 vincula
829 782 968 863 palmas.

94 896 168 957 Non
183 892 356 956 tulithanc
368 886 513 971 speciem
528 884 651 947 furiata
663 894 773 947 mente
787 886 971 970 Coroebus,

95 1005 217 1067 Etsese
228 994 677 1077 mediuminiecitperiturus
692 994 875 1081 inagmen·
1025 975 1030 981 ’

99 1104 338 1187 Consequimur
357 1103 484 1185 cuncti,
500 1110 532 1165 et
545 1100 656 1165 densis
668 1099 877 1166 incurrimus·
887 1102 999 1168 amb.

96 1204 158 1273 llic
170 1209 321 1293 primum
335 1230 376 1271 ex
393 1210 461 1271 alto
476 1207 608 1271 delubri
621 1206 769 1271 culmine
784 1207 858 1270 telis

98 1318 288 1380 Nostromm
299 1313 488 1395 obruimur,
501 1313 673 1395 oriturque
686 1312 873 1377 miserrima
887 1315 1019 1396 caedes,

100 1415 272 1481 Armorum
288 1417 374 1483 facie
388 1428 420 1481 et
434 1414 610 1479 Graiarum
624 1434 736 1478 errore
750 1414 916 1479 iubarum.
998 1427 1002 1431 ⁴

103 1529 183 1589 Tum
199 1523 325 1605 Danai,
338 1522 462 1611 gemitu
477 1532 576 1605 atque
586 1521 870 1609 ereptaevirginis
879 1523 944 1607 ira,

101 1628 252 1709 Undique
270 1628 402 1692 collecti
415 1627 592 1705 invadunt3
612 1626 796 1709 acerrimus
806 1625 906 1711 Aiax,
1002 1678 1005 1685 .

103 1734 139 1794 Et
146 1733 271 1820 gemini
286 1726 437 1815 Atridae,
453 1733 692 1816 Dolopumque
705 1730 868 1799 exercitus
880 1732 999 1801 omnis·

106 1836 233 1903 Aduersi
248 1847 349 1921 rupto
360 1858 421 1901 ceu
440 1839 610 1919 quondam
629 1836 761 1901 turbine
773 1836 867 1901 venti

106 1940 299 2026 Contligunt,
312 1939 568 2023 Zephyrusque,
581 1942 769 2021 Notusque,
786 1950 820 2003 et
829 1942 933 2005 laetus
942 1939 1020 2006 Eois

105 2041 202 2105 Eurus
214 2042 323 2123 equis:
342 2041 484 2133 stridunt
495 2038 612 2124 silvae,
629 2042 799 2125 saevitque
811 2044 946 2109 tridenti
1000 2047 1060 2125 418

108 2148 260 2229 Spumeus
273 2159 374 2231 atque
384 2149 454 2213 imo
468 2152 593 2214 Nereus
605 2149 669 2217 ciet
682 2169 827 2231 aequora
838 2152 954 2215 fundo.

109 2251 156 2315 Illi
167 2250 282 2336 etiam,
297 2256 326 2321 si
340 2276 423 2337 quos
432 2258 572 2337 obsqura
584 2266 685 2319 nocte
700 2278 762 2339 per
774 2259 931 2321 umbram

30 2364 31 2371 ³
110 2357 256 2421 ludimus
268 2356 413 2441 insidiis,
424 2367 557 2439 totaque
572 2349 770 2443 agitavimus
789 2361 890 2443 urbe,

112 2465 282 2548 Apparent:
303 2464 405 2547 primi
418 2464 548 2547 clipeos
558 2462 764 2545 mentitaque
777 2466 842 2528 tela

111 2570 307 2654 Agnoscunt,
321 2579 423 2652 atque
433 2588 495 2635 ora
505 2588 590 2633 sono
600 2568 769 2634 discordia
780 2567 929 2655 signant.

112 2676 190 2742 Ilicet
206 2680 381 2743 olrrrtirnur
393 2700 542 2743 numero.
560 2678 756 2761 Primusque
769 2682 942 2745 Coroebus

112 2780 234 2846 Penelei
250 2785 383 2862 dextra,
400 2780 509 2844 Divae
524 2779 755 2863 armipotentis
772 2782 816 2843 ad
832 2801 946 2862 aram,
956 2793 972 2821 ‘

115 2882 313 2963 Procumbit;
329 2872 418 2947 ¹cadit
433 2892 465 2946 et
478 2884 643 2966 Rhipeus,
660 2882 857 2947 iustissimus
871 2903 960 2949 unus

116 2984 173 3067 Qui
183 2987 245 3050 fuit
260 2987 297 3050 in
313 2987 449 3051 Teucris
468 2997 501 3051 et
511 2985 773 3051 servantissimus
789 2986 900 3067 aequi:

116 3081 167 3155 llis
178 3088 272 3156 aliter
285 3091 411 3155 visum:
429 3102 569 3175 pereunt
582 3091 800 3175 Hypanisque
818 3095 1014 3177 Dymasque

118 3194 232 3261 Confixi
243 3220 263 3261 a
277 3180 390 3273 sociiss
410 3220 471 3263 nec
489 3209 521 3262 te
540 3209 596 3261 tua
608 3199 769 3281 plurima,
782 3202 935 3285 Panthu,
961 3221 963 3228 ’

116 3298 285 3366 habentem
295 3302 399 3387 pietas
417 3302 653 3386 nec-Apollinis
665 3302 773 3367 infula
788 3301 877 3367 texit.

29 3474 30 3479 ἵ
118 3405 197 3470 Iliaci
210 3410 352 3495 cineres,
368 3418 401 3473 et
411 3412 544 3475 flamma
558 3419 703 3473 extrenm
713 3430 885 3496 meorum,
964 3486 969 3499 Ι

118 3508 233 3595 Testor,
251 3510 288 3575 in
305 3500 422 3605 ochasu
439 3525 547 3577 vestro
563 3532 627 3576 nee
638 3514 702 3574 tela
718 3534 780 3576 nec
792 3514 877 3577 ullas

121 3612 269 3681 vitavisse
279 3616 368 3681 vices
378 3606 546 3696 Danallm3
561 3617 649 3699 et,si
664 3617 732 3678 fata
749 3614 900 3708 fuissent,

120 3719 159 3783 Ut
170 3728 332 3811 uaderem,
351 3726 509 3794 meruisse
527 3747 640 3793 manu.
657 3725 857 3791 Divellimur
871 3723 972 3791 indes
