<?xml version="1.0" encoding="UTF-8"?>
<!DOCTYPE html PUBLIC "-//W3C//DTD XHTML 1.0 Transitional//EN"
    "http://www.w3.org/TR/xhtml1/DTD/xhtml1-transitional.dtd">
<html xmlns="http://www.w3.org/1999/xhtml" xml:lang="en" lang="en">
 <head>
  <title>
</title>
<meta http-equiv="Content-Type" content="text/html;charset=utf-8" />
  <meta name='ocr-system' content='tesseract 3.04.00' />
  <meta name='ocr-capabilities' content='ocr_page ocr_carea ocr_par ocr_line ocrx_word'/>
</head>
<body>
  <div class='ocr_page' id='page_1' title='image "./pvirgiliimaroni00clasgoog/pvirgiliimaroni00clasgoog_0048.png"; bbox 0 0 2809 4817; ppageno 0'>
   <div class='ocr_carea' id='block_1_1' title="bbox 356 388 1285 475">
    <p class='ocr_par' dir='ltr' id='par_1_1' title="bbox 356 388 1285 475">
     <span class='ocr_line' id='line_1_1' title="bbox 356 388 1285 475; baseline -0.002 -19"><span class='ocrx_word' id='word_1_1' title='bbox 356 396 396 457; x_wconf 81' lang='lat' dir='ltr'><strong>ss</strong></span> <span class='ocrx_word' id='word_1_2' title='bbox 659 388 1013 453; x_wconf 76' lang='lat' dir='ltr'><strong>tnunrnos</strong></span> <span class='ocrx_word' id='word_1_3' title='bbox 1154 394 1285 475; x_wconf 73' lang='lat' dir='ltr'><strong>v-591.</strong></span> 
     </span>
    </p>
   </div>
   <div class='ocr_carea' id='block_1_2' title="bbox 273 526 1361 1880">
    <p class='ocr_par' dir='ltr' id='par_1_2' title="bbox 354 526 1270 836">
     <span class='ocr_line' id='line_1_2' title="bbox 354 526 1211 617; baseline -0.008 -16"><span class='ocrx_word' id='word_1_4' title='bbox 354 538 579 617; x_wconf 85' lang='lat' dir='ltr'><strong>Purpureum,</strong></span> <span class='ocrx_word' id='word_1_5' title='bbox 593 540 625 595; x_wconf 88' lang='lat' dir='ltr'><strong>et</strong></span> <span class='ocrx_word' id='word_1_6' title='bbox 637 532 742 595; x_wconf 82' lang='lat' dir='ltr'><strong>laetos</strong></span> <span class='ocrx_word' id='word_1_7' title='bbox 759 531 864 595; x_wconf 83' lang='lat' dir='ltr'><strong>oeulis</strong></span> <span class='ocrx_word' id='word_1_8' title='bbox 880 526 1017 594; x_wconf 81' lang='lat' dir='ltr'><strong>adflarat</strong></span> <span class='ocrx_word' id='word_1_9' title='bbox 1035 533 1179 596; x_wconf 87' lang='lat' dir='ltr'><strong>honores</strong></span> <span class='ocrx_word' id='word_1_10' title='bbox 1189 554 1211 594; x_wconf 75' lang='grc' dir='ltr'><strong>ε.</strong></span> 
     </span>
     <span class='ocr_line' id='line_1_3' title="bbox 354 638 1270 728; baseline -0.004 -23"><span class='ocrx_word' id='word_1_11' title='bbox 354 643 461 728; x_wconf 77' lang='lat' dir='ltr'><strong>Quale</strong></span> <span class='ocrx_word' id='word_1_12' title='bbox 475 660 592 704; x_wconf 89' lang='lat' dir='ltr'><strong>manus</strong></span> <span class='ocrx_word' id='word_1_13' title='bbox 605 641 733 702; x_wconf 87' lang='lat' dir='ltr'><strong>addunt</strong></span> <span class='ocrx_word' id='word_1_14' title='bbox 749 638 843 702; x_wconf 85' lang='lat' dir='ltr'>ebori</span> <span class='ocrx_word' id='word_1_15' title='bbox 857 640 977 721; x_wconf 87' lang='lat' dir='ltr'><strong>decus,</strong></span> <span class='ocrx_word' id='word_1_16' title='bbox 994 648 1050 701; x_wconf 88' lang='lat' dir='ltr'><strong>aut</strong></span> <span class='ocrx_word' id='word_1_17' title='bbox 1071 639 1131 702; x_wconf 89' lang='lat' dir='ltr'><strong>ubi</strong></span> <span class='ocrx_word' id='word_1_18' title='bbox 1149 641 1236 702; x_wconf 84' lang='lat' dir='ltr'><strong>flavo</strong></span> <span class='ocrx_word' id='word_1_19' title='bbox 1267 695 1270 701; x_wconf 91' lang='grc'><em>,</em></span> 
     </span>
     <span class='ocr_line' id='line_1_4' title="bbox 354 743 1156 836; baseline -0.009 -22"><span class='ocrx_word' id='word_1_20' title='bbox 354 754 536 836; x_wconf 75' lang='lat' dir='ltr'>Argentum</span> <span class='ocrx_word' id='word_1_21' title='bbox 554 744 710 811; x_wconf 82' lang='lat' dir='ltr'><strong>Pariusve</strong></span> <span class='ocrx_word' id='word_1_22' title='bbox 725 744 812 828; x_wconf 87' lang='lat' dir='ltr'><strong>lapis</strong></span> <span class='ocrx_word' id='word_1_23' title='bbox 825 743 1050 821; x_wconf 74' lang='lat' dir='ltr'><strong>ciacumdatnr</strong></span> <span class='ocrx_word' id='word_1_24' title='bbox 1062 764 1156 807; x_wconf 86' lang='lat' dir='ltr'><strong>auro.</strong></span> 
     </span>
    </p>

    <p class='ocr_par' dir='ltr' id='par_1_3' title="bbox 335 850 1361 1573">
     <span class='ocr_line' id='line_1_5' title="bbox 351 850 1249 943; baseline -0.002 -24"><span class='ocrx_word' id='word_1_25' title='bbox 351 859 442 943; x_wconf 73' lang='lat' dir='ltr'><strong>Tum</strong></span> <span class='ocrx_word' id='word_1_26' title='bbox 457 854 505 920; x_wconf 88' lang='lat' dir='ltr'><strong>sio</strong></span> <span class='ocrx_word' id='word_1_27' title='bbox 520 852 670 941; x_wconf 80' lang='lat' dir='ltr'><strong>reginam</strong></span> <span class='ocrx_word' id='word_1_28' title='bbox 686 850 895 933; x_wconf 84' lang='lat' dir='ltr'><strong>adloquitur,</strong></span> <span class='ocrx_word' id='word_1_29' title='bbox 908 850 1100 933; x_wconf 86' lang='lat' dir='ltr'><strong>cunctisque</strong></span> <span class='ocrx_word' id='word_1_30' title='bbox 1111 863 1249 936; x_wconf 86' lang='lat' dir='ltr'><strong>repente</strong></span> 
     </span>
     <span class='ocr_line' id='line_1_6' title="bbox 354 957 1241 1047; baseline -0.003 -20"><span class='ocrx_word' id='word_1_31' title='bbox 354 960 560 1047; x_wconf 78' lang='lat' dir='ltr'><strong>inprovisus</strong></span> <span class='ocrx_word' id='word_1_32' title='bbox 574 959 635 1024; x_wconf 76' lang='lat' dir='ltr'><strong>ait:</strong></span> <span class='ocrx_word' id='word_1_33' title='bbox 658 960 796 1041; x_wconf 74' lang='lat' dir='ltr'><strong>Coram,</strong></span> <span class='ocrx_word' id='word_1_34' title='bbox 813 978 915 1040; x_wconf 87' lang='lat' dir='ltr'><strong>quem</strong></span> <span class='ocrx_word' id='word_1_35' title='bbox 931 957 1104 1042; x_wconf 78' lang='lat' dir='ltr'><strong>quaeritis,</strong></span> <span class='ocrx_word' id='word_1_36' title='bbox 1122 960 1241 1025; x_wconf 81' lang='lat' dir='ltr'><strong>adsum</strong></span> 
     </span>
     <span class='ocr_line' id='line_1_7' title="bbox 352 1062 1227 1147; baseline -0.002 -16"><span class='ocrx_word' id='word_1_37' title='bbox 352 1068 474 1132; x_wconf 85' lang='lat' dir='ltr'><strong>Troius</strong></span> <span class='ocrx_word' id='word_1_38' title='bbox 486 1068 630 1146; x_wconf 81' lang='lat' dir='ltr'><strong>Aeneas,</strong></span> <span class='ocrx_word' id='word_1_39' title='bbox 646 1062 781 1145; x_wconf 85' lang='lat' dir='ltr'><strong>Libyeis</strong></span> <span class='ocrx_word' id='word_1_40' title='bbox 795 1072 928 1147; x_wconf 87' lang='lat' dir='ltr'><strong>ereptus</strong></span> <span class='ocrx_word' id='word_1_41' title='bbox 942 1064 986 1126; x_wconf 89' lang='lat' dir='ltr'><strong>ab</strong></span> <span class='ocrx_word' id='word_1_42' title='bbox 1001 1063 1112 1129; x_wconf 75' lang='lat' dir='ltr'><strong>undis.</strong></span> <span class='ocrx_word' id='word_1_43' title='bbox 1222 1073 1227 1081; x_wconf 76' lang='grc'><em>“</em></span> 
     </span>
     <span class='ocr_line' id='line_1_8' title="bbox 354 1165 1210 1256; baseline -0.009 -17"><span class='ocrx_word' id='word_1_44' title='bbox 354 1174 474 1239; x_wconf 86' lang='lat' dir='ltr'><strong>Osola</strong></span> <span class='ocrx_word' id='word_1_45' title='bbox 486 1170 642 1234; x_wconf 83' lang='lat' dir='ltr'><strong>infandos</strong></span> <span class='ocrx_word' id='word_1_46' title='bbox 651 1165 772 1256; x_wconf 82' lang='lat' dir='ltr'><strong>Troiae</strong></span> <span class='ocrx_word' id='word_1_47' title='bbox 784 1169 1097 1251; x_wconf 82' lang='lat' dir='ltr'><strong>miseratalabores,</strong></span> <span class='ocrx_word' id='word_1_48' title='bbox 1206 1209 1210 1215; x_wconf 87' lang='lat'>·</span> 
     </span>
     <span class='ocr_line' id='line_1_9' title="bbox 353 1266 1361 1364; baseline -0.008 -24"><span class='ocrx_word' id='word_1_49' title='bbox 353 1275 448 1364; x_wconf 80' lang='lat' dir='ltr'><strong>Quae</strong></span> <span class='ocrx_word' id='word_1_50' title='bbox 463 1294 542 1357; x_wconf 85' lang='lat' dir='ltr'><strong>nos,</strong></span> <span class='ocrx_word' id='word_1_51' title='bbox 554 1272 714 1354; x_wconf 76' lang='lat' dir='ltr'><strong>reliquias</strong></span> <span class='ocrx_word' id='word_1_52' title='bbox 727 1272 897 1355; x_wconf 82' lang='lat' dir='ltr'><strong>Danadm,</strong></span> <span class='ocrx_word' id='word_1_53' title='bbox 913 1284 1085 1355; x_wconf 70' lang='lat' dir='ltr'><strong>terraeque</strong></span> <span class='ocrx_word' id='word_1_54' title='bbox 1101 1266 1272 1362; x_wconf 66' lang='lat' dir='ltr'><strong>mirisque</strong></span> <span class='ocrx_word' id='word_1_55' title='bbox 1288 1330 1291 1333; x_wconf 81' lang='grc'>,</span> <span class='ocrx_word' id='word_1_56' title='bbox 1354 1340 1361 1354; x_wconf 85' lang='lat'><strong>.</strong></span> 
     </span>
     <span class='ocr_line' id='line_1_10' title="bbox 335 1378 1279 1469; baseline 0.002 -20"><span class='ocrx_word' id='word_1_57' title='bbox 335 1450 338 1455; x_wconf 74' lang='grc'>,</span> <span class='ocrx_word' id='word_1_58' title='bbox 354 1384 520 1449; x_wconf 76' lang='lat' dir='ltr'><strong>Omnibus</strong></span> <span class='ocrx_word' id='word_1_59' title='bbox 533 1385 709 1449; x_wconf 78' lang='lat' dir='ltr'><strong>exhaustos</strong></span> <span class='ocrx_word' id='word_1_60' title='bbox 720 1378 789 1443; x_wconf 82' lang='lat' dir='ltr'><strong>iarn</strong></span> <span class='ocrx_word' id='word_1_61' title='bbox 806 1380 952 1466; x_wconf 84' lang='lat' dir='ltr'><strong>casibus,</strong></span> <span class='ocrx_word' id='word_1_62' title='bbox 970 1381 1121 1446; x_wconf 88' lang='lat' dir='ltr'><strong>omnium</strong></span> <span class='ocrx_word' id='word_1_63' title='bbox 1134 1399 1279 1469; x_wconf 83' lang='lat' dir='ltr'><strong>egenos,</strong></span> 
     </span>
     <span class='ocr_line' id='line_1_11' title="bbox 353 1483 1199 1573; baseline -0.002 -22"><span class='ocrx_word' id='word_1_64' title='bbox 353 1491 459 1569; x_wconf 88' lang='lat' dir='ltr'><strong>Urbe,</strong></span> <span class='ocrx_word' id='word_1_65' title='bbox 472 1490 591 1569; x_wconf 89' lang='lat' dir='ltr'><strong>domo,</strong></span> <span class='ocrx_word' id='word_1_66' title='bbox 609 1483 737 1549; x_wconf 83' lang='lat' dir='ltr'><strong>socias!</strong></span> <span class='ocrx_word' id='word_1_67' title='bbox 755 1492 864 1567; x_wconf 78' lang='lat' dir='ltr'><strong>grates</strong></span> <span class='ocrx_word' id='word_1_68' title='bbox 877 1485 1069 1567; x_wconf 77' lang='lat' dir='ltr'><strong>persolvere</strong></span> <span class='ocrx_word' id='word_1_69' title='bbox 1081 1484 1199 1573; x_wconf 83' lang='lat' dir='ltr'><strong>dignas</strong></span> 
     </span>
    </p>

    <p class='ocr_par' dir='ltr' id='par_1_4' title="bbox 273 1584 1304 1880">
     <span class='ocr_line' id='line_1_12' title="bbox 352 1584 1292 1673; baseline 0.004 -22"><span class='ocrx_word' id='word_1_70' title='bbox 352 1591 428 1653; x_wconf 89' lang='lat' dir='ltr'><strong>Non</strong></span> <span class='ocrx_word' id='word_1_71' title='bbox 438 1589 511 1673; x_wconf 85' lang='lat' dir='ltr'><strong>opis</strong></span> <span class='ocrx_word' id='word_1_72' title='bbox 521 1598 569 1653; x_wconf 82' lang='lat' dir='ltr'><strong>est</strong></span> <span class='ocrx_word' id='word_1_73' title='bbox 577 1596 724 1668; x_wconf 86' lang='lat' dir='ltr'><strong>nostrae,</strong></span> <span class='ocrx_word' id='word_1_74' title='bbox 735 1584 838 1667; x_wconf 88' lang='lat' dir='ltr'><strong>Dido,</strong></span> <span class='ocrx_word' id='word_1_75' title='bbox 854 1606 916 1649; x_wconf 89' lang='lat' dir='ltr'><strong>neo</strong></span> <span class='ocrx_word' id='word_1_76' title='bbox 926 1586 1093 1668; x_wconf 87' lang='lat' dir='ltr'><strong>quidquid</strong></span> <span class='ocrx_word' id='word_1_77' title='bbox 1104 1587 1228 1671; x_wconf 90' lang='lat' dir='ltr'><strong>ubique</strong></span> <span class='ocrx_word' id='word_1_78' title='bbox 1238 1598 1292 1655; x_wconf 70' lang='lat' dir='ltr'><strong>est</strong></span> 
     </span>
     <span class='ocr_line' id='line_1_13' title="bbox 273 1693 1304 1779; baseline 0.001 -24"><span class='ocrx_word' id='word_1_79' title='bbox 273 1748 284 1755; x_wconf 92' lang='lat'>.</span> <span class='ocrx_word' id='word_1_80' title='bbox 352 1694 468 1759; x_wconf 86' lang='lat' dir='ltr'><strong>Gentis</strong></span> <span class='ocrx_word' id='word_1_81' title='bbox 479 1693 685 1774; x_wconf 73' lang='lat' dir='ltr'><strong>Dardaniae,</strong></span> <span class='ocrx_word' id='word_1_82' title='bbox 700 1710 860 1779; x_wconf 80' lang='lat' dir='ltr'><strong>magnum</strong></span> <span class='ocrx_word' id='word_1_83' title='bbox 870 1711 956 1773; x_wconf 88' lang='lat' dir='ltr'><strong>quae</strong></span> <span class='ocrx_word' id='word_1_84' title='bbox 969 1712 1084 1775; x_wconf 87' lang='lat' dir='ltr'><strong>sparsa</strong></span> <span class='ocrx_word' id='word_1_85' title='bbox 1099 1714 1160 1775; x_wconf 86' lang='lat' dir='ltr'><strong>per</strong></span> <span class='ocrx_word' id='word_1_86' title='bbox 1170 1694 1304 1767; x_wconf 80' lang='lat' dir='ltr'><strong>orbern.</strong></span> 
     </span>
     <span class='ocr_line' id='line_1_14' title="bbox 353 1795 1201 1880; baseline -0.001 -18"><span class='ocrx_word' id='word_1_87' title='bbox 353 1796 397 1863; x_wconf 91' lang='lat' dir='ltr'><strong>Di</strong></span> <span class='ocrx_word' id='word_1_88' title='bbox 415 1798 494 1880; x_wconf 86' lang='lat' dir='ltr'><strong>tibi,</strong></span> <span class='ocrx_word' id='word_1_89' title='bbox 512 1798 616 1879; x_wconf 85' lang='lat' dir='ltr'><strong>siqua</strong></span> <span class='ocrx_word' id='word_1_90' title='bbox 627 1796 700 1879; x_wconf 88' lang='lat' dir='ltr'><strong>pios</strong></span> <span class='ocrx_word' id='word_1_91' title='bbox 709 1806 894 1879; x_wconf 77' lang='lat' dir='ltr'><strong>respectant</strong></span> <span class='ocrx_word' id='word_1_92' title='bbox 905 1795 1057 1879; x_wconf 81' lang='lat' dir='ltr'><strong>numina,</strong></span> <span class='ocrx_word' id='word_1_93' title='bbox 1077 1795 1201 1879; x_wconf 79' lang='lat' dir='ltr'><strong>siquid</strong></span> 
     </span>
    </p>
   </div>
   <div class='ocr_carea' id='block_1_3' title="bbox 226 1895 1196 1983">
    <p class='ocr_par' dir='ltr' id='par_1_5' title="bbox 226 1895 1196 1983">
     <span class='ocr_line' id='line_1_15' title="bbox 226 1895 1196 1983; baseline 0.002 -22"><span class='ocrx_word' id='word_1_94' title='bbox 226 1929 230 1941; x_wconf 61' lang='grc'><strong>«</strong></span> <span class='ocrx_word' id='word_1_95' title='bbox 353 1902 500 1980; x_wconf 83' lang='lat' dir='ltr'><strong>Usquam</strong></span> <span class='ocrx_word' id='word_1_96' title='bbox 514 1895 638 1960; x_wconf 85' lang='lat' dir='ltr'><strong>iustitia</strong></span> <span class='ocrx_word' id='word_1_97' title='bbox 651 1905 699 1961; x_wconf 88' lang='lat' dir='ltr'><strong>est</strong></span> <span class='ocrx_word' id='word_1_98' title='bbox 716 1906 751 1960; x_wconf 86' lang='lat' dir='ltr'><strong>et</strong></span> <span class='ocrx_word' id='word_1_99' title='bbox 764 1917 859 1960; x_wconf 87' lang='lat' dir='ltr'><strong>mens</strong></span> <span class='ocrx_word' id='word_1_100' title='bbox 875 1896 941 1961; x_wconf 83' lang='lat' dir='ltr'><strong>sibi</strong></span> <span class='ocrx_word' id='word_1_101' title='bbox 954 1897 1087 1963; x_wconf 83' lang='lat' dir='ltr'><strong>conscia</strong></span> <span class='ocrx_word' id='word_1_102' title='bbox 1098 1899 1196 1983; x_wconf 84' lang='lat' dir='ltr'><strong>recti,</strong></span> 
     </span>
    </p>
   </div>
   <div class='ocr_carea' id='block_1_4' title="bbox 313 2002 1376 3350">
    <p class='ocr_par' dir='ltr' id='par_1_6' title="bbox 353 2002 1253 2091">
     <span class='ocr_line' id='line_1_16' title="bbox 353 2002 1253 2091; baseline -0.001 -23"><span class='ocrx_word' id='word_1_103' title='bbox 353 2004 505 2069; x_wconf 85' lang='lat' dir='ltr'><strong>Praemia</strong></span> <span class='ocrx_word' id='word_1_104' title='bbox 516 2004 618 2091; x_wconf 80' lang='lat' dir='ltr'><strong>digna</strong></span> <span class='ocrx_word' id='word_1_105' title='bbox 634 2003 753 2065; x_wconf 79' lang='lat' dir='ltr'><strong>ierant.</strong></span> <span class='ocrx_word' id='word_1_106' title='bbox 768 2002 862 2086; x_wconf 75' lang='lat' dir='ltr'><strong>Quae</strong></span> <span class='ocrx_word' id='word_1_107' title='bbox 874 2010 905 2066; x_wconf 89' lang='lat' dir='ltr'><strong>te</strong></span> <span class='ocrx_word' id='word_1_108' title='bbox 919 2011 986 2064; x_wconf 89' lang='lat' dir='ltr'><strong>tam</strong></span> <span class='ocrx_word' id='word_1_109' title='bbox 995 2002 1084 2067; x_wconf 88' lang='lat' dir='ltr'><strong>laeta</strong></span> <span class='ocrx_word' id='word_1_110' title='bbox 1103 2004 1253 2073; x_wconf 81' lang='lat' dir='ltr'><strong>tulerunt</strong></span> 
     </span>
    </p>

    <p class='ocr_par' dir='ltr' id='par_1_7' title="bbox 353 2099 1325 2195">
     <span class='ocr_line' id='line_1_17' title="bbox 353 2099 1325 2195; baseline -0.006 -21"><span class='ocrx_word' id='word_1_111' title='bbox 353 2111 496 2175; x_wconf 81' lang='lat' dir='ltr'><strong>Secula?</strong></span> <span class='ocrx_word' id='word_1_112' title='bbox 515 2108 573 2190; x_wconf 89' lang='lat' dir='ltr'><strong>qui</strong></span> <span class='ocrx_word' id='word_1_113' title='bbox 587 2108 671 2171; x_wconf 80' lang='lat' dir='ltr'><strong>tanti</strong></span> <span class='ocrx_word' id='word_1_114' title='bbox 692 2110 792 2182; x_wconf 86' lang='lat' dir='ltr'><strong>talem</strong></span> <span class='ocrx_word' id='word_1_115' title='bbox 809 2128 954 2195; x_wconf 81' lang='lat' dir='ltr'><strong>genuere</strong></span> <span class='ocrx_word' id='word_1_116' title='bbox 969 2110 1149 2191; x_wconf 77' lang='lat' dir='ltr'><strong>parentes?</strong></span> <span class='ocrx_word' id='word_1_117' title='bbox 1222 2099 1229 2106; x_wconf 80' lang='grc'><strong>’</strong></span> <span class='ocrx_word' id='word_1_118' title='bbox 1259 2118 1325 2179; x_wconf 71' lang='lat'><strong>606</strong></span> 
     </span>
    </p>

    <p class='ocr_par' dir='ltr' id='par_1_8' title="bbox 313 2214 1304 2299">
     <span class='ocr_line' id='line_1_18' title="bbox 313 2214 1304 2299; baseline 0.005 -19"><span class='ocrx_word' id='word_1_119' title='bbox 313 2219 314 2222; x_wconf 72' lang='grc'>’</span> <span class='ocrx_word' id='word_1_120' title='bbox 352 2216 393 2283; x_wconf 91' lang='lat' dir='ltr'><strong>In</strong></span> <span class='ocrx_word' id='word_1_121' title='bbox 406 2217 490 2280; x_wconf 81' lang='lat' dir='ltr'><strong>freta</strong></span> <span class='ocrx_word' id='word_1_122' title='bbox 503 2218 584 2281; x_wconf 89' lang='lat' dir='ltr'><strong>dum</strong></span> <span class='ocrx_word' id='word_1_123' title='bbox 597 2214 691 2278; x_wconf 81' lang='lat' dir='ltr'><strong>fluvii</strong></span> <span class='ocrx_word' id='word_1_124' title='bbox 708 2225 856 2299; x_wconf 73' lang='lat' dir='ltr'><strong>canent,</strong></span> <span class='ocrx_word' id='word_1_125' title='bbox 875 2218 955 2279; x_wconf 88' lang='lat' dir='ltr'><strong>dum</strong></span> <span class='ocrx_word' id='word_1_126' title='bbox 970 2217 1140 2282; x_wconf 86' lang='lat' dir='ltr'><strong>montibus</strong></span> <span class='ocrx_word' id='word_1_127' title='bbox 1158 2222 1304 2290; x_wconf 80' lang='lat' dir='ltr'><strong>umbrae</strong></span> 
     </span>
    </p>

    <p class='ocr_par' dir='ltr' id='par_1_9' title="bbox 352 2320 1215 2405">
     <span class='ocr_line' id='line_1_19' title="bbox 352 2320 1215 2405; baseline 0.001 -22"><span class='ocrx_word' id='word_1_128' title='bbox 352 2320 555 2385; x_wconf 80' lang='lat' dir='ltr'><strong>Lustrahuni</strong></span> <span class='ocrx_word' id='word_1_129' title='bbox 572 2338 737 2403; x_wconf 80' lang='lat' dir='ltr'><strong>convexa,</strong></span> <span class='ocrx_word' id='word_1_130' title='bbox 755 2322 854 2403; x_wconf 78' lang='lat' dir='ltr'><strong>polus</strong></span> <span class='ocrx_word' id='word_1_131' title='bbox 868 2323 949 2383; x_wconf 90' lang='lat' dir='ltr'><strong>dum</strong></span> <span class='ocrx_word' id='word_1_132' title='bbox 964 2320 1072 2385; x_wconf 84' lang='lat' dir='ltr'><strong>sidera</strong></span> <span class='ocrx_word' id='word_1_133' title='bbox 1086 2333 1215 2405; x_wconf 69' lang='lat' dir='ltr'><strong>paseet3</strong></span> 
     </span>
    </p>

    <p class='ocr_par' dir='ltr' id='par_1_10' title="bbox 353 2430 1325 2514">
     <span class='ocr_line' id='line_1_20' title="bbox 353 2430 1325 2514; baseline 0.003 -20"><span class='ocrx_word' id='word_1_134' title='bbox 353 2432 489 2512; x_wconf 81' lang='lat' dir='ltr'><strong>Semper</strong></span> <span class='ocrx_word' id='word_1_135' title='bbox 497 2430 614 2509; x_wconf 87' lang='lat' dir='ltr'><strong>honos,</strong></span> <span class='ocrx_word' id='word_1_136' title='bbox 621 2448 812 2509; x_wconf 87' lang='lat' dir='ltr'><strong>nomenque</strong></span> <span class='ocrx_word' id='word_1_137' title='bbox 819 2438 922 2511; x_wconf 87' lang='lat' dir='ltr'><strong>tuum,</strong></span> <span class='ocrx_word' id='word_1_138' title='bbox 933 2431 1325 2514; x_wconf 64' lang='lat' dir='ltr'><strong>laudesquemanebunq</strong></span> 
     </span>
    </p>

    <p class='ocr_par' dir='ltr' id='par_1_11' title="bbox 353 2528 1376 2626">
     <span class='ocr_line' id='line_1_21' title="bbox 353 2528 1376 2626; baseline 0.003 -32"><span class='ocrx_word' id='word_1_139' title='bbox 353 2535 449 2618; x_wconf 79' lang='lat' dir='ltr'><strong>Quae</strong></span> <span class='ocrx_word' id='word_1_140' title='bbox 461 2548 516 2591; x_wconf 90' lang='lat' dir='ltr'><strong>me</strong></span> <span class='ocrx_word' id='word_1_141' title='bbox 530 2548 662 2626; x_wconf 79' lang='lat' dir='ltr'><strong>cunque</strong></span> <span class='ocrx_word' id='word_1_142' title='bbox 678 2537 800 2591; x_wconf 82' lang='lat' dir='ltr'><strong>vocant</strong></span> <span class='ocrx_word' id='word_1_143' title='bbox 814 2537 930 2591; x_wconf 83' lang='lat' dir='ltr'><strong>terrae.</strong></span> <span class='ocrx_word' id='word_1_144' title='bbox 948 2528 1001 2592; x_wconf 85' lang='lat' dir='ltr'><strong>Sic</strong></span> <span class='ocrx_word' id='word_1_145' title='bbox 1017 2529 1118 2613; x_wconf 81' lang='lat' dir='ltr'><strong>fatus,</strong></span> <span class='ocrx_word' id='word_1_146' title='bbox 1131 2530 1283 2597; x_wconf 85' lang='lat' dir='ltr'><strong>amioum</strong></span> <span class='ocrx_word' id='word_1_147' title='bbox 1371 2562 1376 2570; x_wconf 92' lang='lat'><em>·</em></span> 
     </span>
    </p>

    <p class='ocr_par' dir='ltr' id='par_1_12' title="bbox 352 2632 1102 2719">
     <span class='ocr_line' id='line_1_22' title="bbox 352 2632 1102 2719; baseline -0.001 -22"><span class='ocrx_word' id='word_1_148' title='bbox 352 2635 480 2699; x_wconf 86' lang='lat' dir='ltr'><strong>Ilionea</strong></span> <span class='ocrx_word' id='word_1_149' title='bbox 489 2632 573 2717; x_wconf 79' lang='lat' dir='ltr'><strong>petit</strong></span> <span class='ocrx_word' id='word_1_150' title='bbox 589 2634 720 2719; x_wconf 82' lang='lat' dir='ltr'><strong>dextra,</strong></span> <span class='ocrx_word' id='word_1_151' title='bbox 739 2635 901 2715; x_wconf 79' lang='lat' dir='ltr'><strong>laevaque</strong></span> <span class='ocrx_word' id='word_1_152' title='bbox 919 2634 1102 2714; x_wconf 67' lang='lat' dir='ltr'><strong>Serestum</strong></span> 
     </span>
    </p>

    <p class='ocr_par' dir='ltr' id='par_1_13' title="bbox 352 2738 1325 2930">
     <span class='ocr_line' id='line_1_23' title="bbox 352 2738 1325 2823; baseline 0.005 -19"><span class='ocrx_word' id='word_1_153' title='bbox 352 2744 430 2805; x_wconf 84' lang='lat' dir='ltr'><strong>Post</strong></span> <span class='ocrx_word' id='word_1_154' title='bbox 443 2739 540 2821; x_wconf 83' lang='lat' dir='ltr'><strong>alios,</strong></span> <span class='ocrx_word' id='word_1_155' title='bbox 558 2738 746 2819; x_wconf 76' lang='lat' dir='ltr'><strong>fortemque</strong></span> <span class='ocrx_word' id='word_1_156' title='bbox 754 2738 868 2822; x_wconf 83' lang='lat' dir='ltr'><strong>Gyan,</strong></span> <span class='ocrx_word' id='word_1_157' title='bbox 883 2738 1295 2823; x_wconf 80' lang='lat' dir='ltr'><strong>fortemquecloanthum.</strong></span> <span class='ocrx_word' id='word_1_158' title='bbox 1322 2772 1325 2778; x_wconf 88' lang='lat'><em>·</em></span> 
     </span>
     <span class='ocr_line' id='line_1_24' title="bbox 394 2844 1150 2930; baseline -0.001 -19"><span class='ocrx_word' id='word_1_159' title='bbox 394 2844 575 2930; x_wconf 82' lang='lat' dir='ltr'><strong>Obstupuit</strong></span> <span class='ocrx_word' id='word_1_160' title='bbox 586 2844 697 2929; x_wconf 79' lang='lat' dir='ltr'><strong>primo</strong></span> <span class='ocrx_word' id='word_1_161' title='bbox 712 2845 869 2927; x_wconf 80' lang='lat' dir='ltr'><strong>adspectu</strong></span> <span class='ocrx_word' id='word_1_162' title='bbox 887 2844 1025 2909; x_wconf 83' lang='lat' dir='ltr'><strong>Sidonia</strong></span> <span class='ocrx_word' id='word_1_163' title='bbox 1043 2848 1150 2927; x_wconf 86' lang='lat' dir='ltr'><strong>Did0;</strong></span> 
     </span>
    </p>

    <p class='ocr_par' dir='ltr' id='par_1_14' title="bbox 354 2948 1235 3031">
     <span class='ocr_line' id='line_1_25' title="bbox 354 2948 1235 3031; baseline 0.002 -14"><span class='ocrx_word' id='word_1_164' title='bbox 354 2956 439 3017; x_wconf 81' lang='lat' dir='ltr'><strong>Casu</strong></span> <span class='ocrx_word' id='word_1_165' title='bbox 457 2951 577 3020; x_wconf 86' lang='lat' dir='ltr'><strong>deinde</strong></span> <span class='ocrx_word' id='word_1_166' title='bbox 587 2948 654 3013; x_wconf 84' lang='lat' dir='ltr'><strong>viri</strong></span> <span class='ocrx_word' id='word_1_167' title='bbox 668 2958 777 3031; x_wconf 71' lang='lat' dir='ltr'><strong>tanto,</strong></span> <span class='ocrx_word' id='word_1_168' title='bbox 790 2958 823 3012; x_wconf 86' lang='lat' dir='ltr'><strong>et</strong></span> <span class='ocrx_word' id='word_1_169' title='bbox 834 2949 882 3015; x_wconf 86' lang='lat' dir='ltr'><strong>sio</strong></span> <span class='ocrx_word' id='word_1_170' title='bbox 896 2970 955 3015; x_wconf 86' lang='lat' dir='ltr'><strong>ore</strong></span> <span class='ocrx_word' id='word_1_171' title='bbox 972 2950 1083 3015; x_wconf 82' lang='lat' dir='ltr'><strong>locuta</strong></span> <span class='ocrx_word' id='word_1_172' title='bbox 1100 2963 1165 3019; x_wconf 80' lang='lat' dir='ltr'><strong>est:</strong></span> <span class='ocrx_word' id='word_1_173' title='bbox 1197 2961 1202 2970; x_wconf 86' lang='lat'><em>&#39;</em></span> <span class='ocrx_word' id='word_1_174' title='bbox 1232 2970 1235 2984; x_wconf 87' lang='grc'><em>·</em></span> 
     </span>
    </p>

    <p class='ocr_par' dir='ltr' id='par_1_15' title="bbox 353 3039 1219 3144">
     <span class='ocr_line' id='line_1_26' title="bbox 353 3039 1219 3144; baseline 0 -23"><span class='ocrx_word' id='word_1_175' title='bbox 353 3057 436 3144; x_wconf 78' lang='lat' dir='ltr'><strong>Quis</strong></span> <span class='ocrx_word' id='word_1_176' title='bbox 450 3039 589 3140; x_wconf 68' lang='lat' dir='ltr'><strong>te,&#39;nate</strong></span> <span class='ocrx_word' id='word_1_177' title='bbox 606 3058 694 3139; x_wconf 86' lang='lat' dir='ltr'><strong>Dea,</strong></span> <span class='ocrx_word' id='word_1_178' title='bbox 713 3075 774 3138; x_wconf 86' lang='lat' dir='ltr'><strong>per</strong></span> <span class='ocrx_word' id='word_1_179' title='bbox 785 3065 875 3121; x_wconf 84' lang='lat' dir='ltr'><strong>tanta</strong></span> <span class='ocrx_word' id='word_1_180' title='bbox 887 3053 1036 3139; x_wconf 85' lang='lat' dir='ltr'><strong>pericula</strong></span> <span class='ocrx_word' id='word_1_181' title='bbox 1051 3077 1145 3121; x_wconf 80' lang='lat' dir='ltr'><strong>rasus</strong></span> <span class='ocrx_word' id='word_1_182' title='bbox 1170 3078 1174 3083; x_wconf 83' lang='lat'><em>·</em></span> <span class='ocrx_word' id='word_1_183' title='bbox 1215 3070 1219 3075; x_wconf 85' lang='grc'><em>’</em></span> 
     </span>
    </p>

    <p class='ocr_par' dir='ltr' id='par_1_16' title="bbox 337 3158 1197 3246">
     <span class='ocr_line' id='line_1_27' title="bbox 337 3158 1197 3246; baseline 0.001 -21"><span class='ocrx_word' id='word_1_184' title='bbox 337 3162 558 3243; x_wconf 65' lang='lat' dir='ltr'><strong>insequitur?</strong></span> <span class='ocrx_word' id='word_1_185' title='bbox 577 3159 724 3241; x_wconf 82' lang='lat' dir='ltr'><strong>quaevis</strong></span> <span class='ocrx_word' id='word_1_186' title='bbox 736 3158 940 3225; x_wconf 88' lang='lat' dir='ltr'><strong>immanibus</strong></span> <span class='ocrx_word' id='word_1_187' title='bbox 950 3158 1097 3246; x_wconf 88' lang='lat' dir='ltr'><strong>applicat</strong></span> <span class='ocrx_word' id='word_1_188' title='bbox 1107 3160 1197 3229; x_wconf 73' lang='lat' dir='ltr'><strong>oris?</strong></span> 
     </span>
    </p>

    <p class='ocr_par' dir='ltr' id='par_1_17' title="bbox 351 3266 1151 3350">
     <span class='ocr_line' id='line_1_28' title="bbox 351 3266 1151 3350; baseline 0 -17"><span class='ocrx_word' id='word_1_189' title='bbox 351 3271 447 3333; x_wconf 86' lang='lat' dir='ltr'><strong>Tune</strong></span> <span class='ocrx_word' id='word_1_190' title='bbox 456 3270 514 3334; x_wconf 86' lang='lat' dir='ltr'><strong>ille</strong></span> <span class='ocrx_word' id='word_1_191' title='bbox 524 3271 666 3350; x_wconf 81' lang='lat' dir='ltr'><strong>Aeneas,</strong></span> <span class='ocrx_word' id='word_1_192' title='bbox 687 3288 787 3349; x_wconf 88' lang='lat' dir='ltr'><strong>quem</strong></span> <span class='ocrx_word' id='word_1_193' title='bbox 800 3266 970 3330; x_wconf 88' lang='lat' dir='ltr'><strong>Dardanio</strong></span> <span class='ocrx_word' id='word_1_194' title='bbox 986 3269 1151 3334; x_wconf 79' lang='lat' dir='ltr'><strong>Anchisae</strong></span> 
     </span>
    </p>
   </div>
   <div class='ocr_carea' id='block_1_5' title="bbox 351 3371 1268 3885">
    <p class='ocr_par' dir='ltr' id='par_1_18' title="bbox 351 3371 1268 3775">
     <span class='ocr_line' id='line_1_29' title="bbox 352 3371 1268 3459; baseline 0.003 -24"><span class='ocrx_word' id='word_1_195' title='bbox 352 3374 450 3435; x_wconf 84' lang='lat' dir='ltr'><strong>Alma</strong></span> <span class='ocrx_word' id='word_1_196' title='bbox 458 3375 571 3438; x_wconf 90' lang='lat' dir='ltr'><strong>Venus</strong></span> <span class='ocrx_word' id='word_1_197' title='bbox 585 3371 725 3459; x_wconf 77' lang='lat' dir='ltr'><strong>Phrygii</strong></span> <span class='ocrx_word' id='word_1_198' title='bbox 736 3371 853 3458; x_wconf 81' lang='lat' dir='ltr'><strong>genuit</strong></span> <span class='ocrx_word' id='word_1_199' title='bbox 865 3372 1041 3437; x_wconf 66' lang='lat' dir='ltr'><strong>Simoentis</strong></span> <span class='ocrx_word' id='word_1_200' title='bbox 1052 3376 1097 3435; x_wconf 88' lang='lat' dir='ltr'><strong>ad</strong></span> <span class='ocrx_word' id='word_1_201' title='bbox 1109 3371 1268 3438; x_wconf 81' lang='lat' dir='ltr'><strong>undant·</strong></span> 
     </span>
     <span class='ocr_line' id='line_1_30' title="bbox 351 3444 1235 3563; baseline 0.006 -27"><span class='ocrx_word' id='word_1_202' title='bbox 351 3475 458 3555; x_wconf 87' lang='lat' dir='ltr'><strong>Atque</strong></span> <span class='ocrx_word' id='word_1_203' title='bbox 467 3444 622 3557; x_wconf 69' lang='lat' dir='ltr'><strong>eqtiidem</strong></span> <span class='ocrx_word' id='word_1_204' title='bbox 635 3476 803 3537; x_wconf 85' lang='lat' dir='ltr'><strong>Teucrum</strong></span> <span class='ocrx_word' id='word_1_205' title='bbox 815 3476 954 3539; x_wconf 89' lang='lat' dir='ltr'><strong>memini</strong></span> <span class='ocrx_word' id='word_1_206' title='bbox 964 3476 1089 3541; x_wconf 89' lang='lat' dir='ltr'><strong>Sidona</strong></span> <span class='ocrx_word' id='word_1_207' title='bbox 1102 3478 1235 3563; x_wconf 86' lang='lat' dir='ltr'><strong>venire,</strong></span> 
     </span>
     <span class='ocr_line' id='line_1_31' title="bbox 352 3578 1220 3667; baseline 0.007 -27"><span class='ocrx_word' id='word_1_208' title='bbox 352 3578 489 3643; x_wconf 87' lang='lat' dir='ltr'><strong>Finibus</strong></span> <span class='ocrx_word' id='word_1_209' title='bbox 502 3582 677 3663; x_wconf 85' lang='lat' dir='ltr'><strong>expulsum</strong></span> <span class='ocrx_word' id='word_1_210' title='bbox 689 3578 823 3663; x_wconf 84' lang='lat' dir='ltr'><strong>patriis,</strong></span> <span class='ocrx_word' id='word_1_211' title='bbox 839 3598 928 3643; x_wconf 84' lang='lat' dir='ltr'><strong>nova</strong></span> <span class='ocrx_word' id='word_1_212' title='bbox 937 3602 1041 3667; x_wconf 83' lang='lat' dir='ltr'><strong>regna</strong></span> <span class='ocrx_word' id='word_1_213' title='bbox 1051 3588 1220 3665; x_wconf 81' lang='lat' dir='ltr'><strong>petentem</strong></span> 
     </span>
     <span class='ocr_line' id='line_1_32' title="bbox 351 3670 1091 3775; baseline 0.004 -26"><span class='ocrx_word' id='word_1_214' title='bbox 351 3686 484 3749; x_wconf 89' lang='lat' dir='ltr'><strong>Auxilio</strong></span> <span class='ocrx_word' id='word_1_215' title='bbox 501 3670 590 3753; x_wconf 80' lang='lat' dir='ltr'><strong>B&#39;eti:</strong></span> <span class='ocrx_word' id='word_1_216' title='bbox 605 3686 739 3775; x_wconf 81' lang='lat' dir='ltr'><strong>genitor</strong></span> <span class='ocrx_word' id='word_1_217' title='bbox 753 3698 825 3750; x_wconf 89' lang='lat' dir='ltr'><strong>tum</strong></span> <span class='ocrx_word' id='word_1_218' title='bbox 835 3690 931 3752; x_wconf 83' lang='lat' dir='ltr'><strong>Relus</strong></span> <span class='ocrx_word' id='word_1_219' title='bbox 942 3690 1091 3773; x_wconf 81' lang='lat' dir='ltr'><strong>opimam</strong></span> 
     </span>
    </p>

    <p class='ocr_par' dir='ltr' id='par_1_19' title="bbox 351 3790 1153 3885">
     <span class='ocr_line' id='line_1_33' title="bbox 351 3790 1153 3885; baseline -0.005 -26"><span class='ocrx_word' id='word_1_220' title='bbox 351 3792 508 3860; x_wconf 81' lang='lat' dir='ltr'><strong>vastabat</strong></span> <span class='ocrx_word' id='word_1_221' title='bbox 522 3794 689 3885; x_wconf 78' lang='lat' dir='ltr'><strong>Cyprum,</strong></span> <span class='ocrx_word' id='word_1_222' title='bbox 706 3790 853 3857; x_wconf 73' lang='lat' dir='ltr'><strong>etviotor</strong></span> <span class='ocrx_word' id='word_1_223' title='bbox 866 3790 993 3864; x_wconf 83' lang='lat' dir='ltr'><strong>ditione</strong></span> <span class='ocrx_word' id='word_1_224' title='bbox 1007 3791 1153 3862; x_wconf 80' lang='lat' dir='ltr'><strong>tenebat:</strong></span> 
     </span>
    </p>
   </div>
   <div class='ocr_carea' id='block_1_6' title="bbox 0 0 1410 4817">
    <p class='ocr_par' dir='ltr' id='par_1_20' title="bbox 0 0 1410 4817">
     <span class='ocr_line' id='line_1_34' title="bbox 0 0 1410 4817; baseline 0 0"><span class='ocrx_word' id='word_1_225' title='bbox 0 0 1410 4817; x_wconf 95' lang='lat' dir='ltr'><strong> </strong></span> 
     </span>
    </p>
   </div>
  </div>
 </body>
</html>
