2809 4817
626 160 632 191 t

326 330 386 394 ns
626 322 978 388 tunetunc
1030 245 1071 349 ‘i
1125 324 1253 407 v.⁵91.
1375 371 1377 439 t

322 466 448 537 Extulit
461 487 499 533 es
514 486 645 533 sacrum
659 470 771 549 coelo,
786 469 1005 547 tenebrasque
1021 465 1170 531 audiit.
1375 525 1377 562 ἶ

322 574 416 639 Stant
427 568 569 654 pavidae
585 568 621 633 in
633 569 738 637 muris
755 582 893 650 matres,
915 568 1088 650 oeuttsque
1104 579 1297 655 sequuntur

169 684 172 693 '
259 694 261 717 ¹
321 678 518 745 pulveream
535 679 675 758 nubem,
692 686 725 741 et
741 675 900 763 fulgentis
913 695 988 740 aere
1000 685 1160 741 catervas.

323 784 394 851 olli
408 806 469 869 per
486 784 620 867 dumos,
636 803 703 865 qua
715 783 979 866 proxima-meta
992 781 1142 867 mrum,

320 892 450 960 Armati
463 896 612 956 tendunt.
634 892 664 955 lt
681 894 824 974 clamor,
837 904 871 955 et
883 891 1017 979 agmine
1031 893 1119 957 iaeto

322 1001 461 1085 Quadra
465 1000 605 1081 pedante
613 995 861 1081 putremsonitu
873 997 1114 1083 quatitungula
1123 1016 1293 1083 campum·

321 1102 380 1167 Est
389 1102 508 1188 ingens
519 1099 668 1188 gelidum
679 1102 774 1163 lucus
790 1120 897 1188 prope
911 1099 1050 1163 Caeritis
1064 1120 1220 1185 amnem,

322 1204 498 1293 Religione
512 1213 645 1287 patrum
656 1205 723 1268 late
737 1223 846 1266 sacer:
861 1201 1010 1282 undique
1028 1204 1130 1269 noun

321 1311 490 1377 Inelusere
508 1308 597 1392 cavi,
612 1319 644 1373 et
659 1308 757 1397 nigra
775 1328 891 1370 nemus
908 1308 1016 1370 abiete
1033 1309 1185 1395 cingunt.

320 1412 458 1479 Silvano
469 1414 560 1478 fama
574 1425 620 1479 est
632 1425 760 1478 veteres
775 1430 917 1477 sacrasse
932 1416 1103 1503 Pelasgos,
1113 1430 1127 1439 “
1242 1460 1245 1470 r

322 1520 490 1591 Arvorum
502 1520 695 1603 penuriaque
710 1521 800 1599 Deo,
821 1519 1001 1601 lucumque
1013 1519 1188 1605 diernque,

321 1622 392 1707 Qui
405 1622 507 1705 primi
519 1620 595 1685 finis
610 1611 791 1703 aliquando
806 1624 953 1686 habuere
966 1621 1113 1685 latinos.
1230 1606 1234 1611 “

322 1730 424 1791 Haud
435 1730 551 1811 procul
563 1726 643 1795 hine
656 1725 788 1793 Tarcho
803 1736 834 1790 et
844 1726 1013 1810 Tyrrheni
1028 1735 1098 1791 tuta
1108 1730 1268 1792 tenebant

323 1836 438 1899 Castra
456 1832 555 1917 loeis,
568 1836 721 1916 celsoque
733 1833 841 1897 omnis
858 1836 899 1897 de
918 1836 1005 1897 colle
1024 1834 1134 1897 videri

323 1940 395 2002 Iam
403 1949 539 2023 tpoterat
551 1936 655 2027 legin,
676 1949 709 2003 et
723 1936 797 2001 latis
810 1940 965 2003 tendebat
978 1938 1016 2002 in
1033 1939 1131 2003 arvis.

323 2046 399 2110 Huc
415 2058 508 2131 pater
521 2040 646 2111 Aeneas
661 2058 694 2109 et
706 2046 799 2124 bello
817 2050 902 2111 lecta
916 2046 1073 2109 iuventus
1228 2048 1284 2109 606
1375 2083 1376 2104 1

324 2152 526 2235 Succedunt,
539 2152 682 2233 fessique
695 2160 728 2213 et
737 2170 839 2233 equos
851 2159 885 2211 et
899 2168 1041 2231 corpora
1053 2158 1182 2213 curant.

365 2257 407 2319 tt
422 2258 535 2321 Venus
551 2256 714 2320 aetherios
727 2256 814 2317 inter
825 2258 895 2317 Dea
909 2240 1051 2317 candida
1062 2254 1196 2317 nimbos

203 2422 205 2431 χ
322 2362 421 2426 Dona
437 2362 545 2427 ferens
562 2364 690 2425 aderat:
712 2360 942 2457 natumquein
957 2361 1046 2423 valle
1060 2363 1200 2429 reducta
1242 2441 1247 2463 ι

323 2468 369 2529 Ut
386 2468 504 2549 procul
519 2466 649 2553 egelido
664 2474 828 2530 secretum
840 2464 978 2530 flumine
991 2465 1091 2547 vidit,

322 2569 459 2638 Talibus
476 2570 586 2633 adfata
604 2579 652 2633 est
668 2569 781 2651 dietis,
796 2590 896 2651 seque
912 2568 1033 2633 obtulit
1048 2572 1156 2635 ultro:

321 2676 387 2758 En,
401 2674 546 2759 perfecte
559 2673 626 2738 mei
639 2675 802 2759 promissa
821 2674 971 2761 coniugis
986 2687 1058 2741 arte

322 2780 464 2844 Munera
475 2781 492 2857 ς’
505 2798 549 2841 ne
564 2780 644 2840 m'ox
657 2784 716 2841 aut
730 2778 920 2861 Laurentis,
939 2790 1032 2862 nate,
1048 2783 1225 2864 superbos,

242 2873 246 2887 ¹
322 2882 388 2946 Aut
401 2902 511 2946 acrem
527 2882 656 2947 dubites
667 2883 704 2946 in
723 2884 851 2969 proelia
863 2904 998 2969 poscere
1011 2863 1176 2949 Turnum.

321 2983 431 3069 Dixit,
441 2994 474 3049 et
491 2988 663 3070 amplexus
681 2988 753 3053 nati
768 2990 933 3073 Cytherea
944 2990 1080 3074 petivit,

320 3096 423 3171 Asma
442 3098 506 3159 sub
521 3098 659 3161 adversa
676 3096 787 3181 pontit
802 3096 967 3165 radiantia
984 3120 1122 3183 quercu.

321 3202 384 3267 Ille
392 3249 404 3285 ,
424 3206 514 3268 Deae
529 3204 626 3269 donis
641 3214 674 3268 et
685 3214 776 3268 tanto
792 3206 896 3268 laetus
914 3205 1060 3286 hanone,

320 3310 457 3396 Expleri
471 3311 604 3395 nequit,
614 3320 718 3391 'atque
734 3312 849 3375 oculos
863 3329 925 3395 per
936 3308 1068 3395 singula
1084 3311 1208 3398 volvit,

320 3410 542 3499 Miraturque,
553 3416 706 3495 interque
719 3395 838 3479 manus
853 3424 884 3478 et
896 3414 1035 3477 brachia
1043 3427 1153 3479 versat

229 3514 230 3517 ¹
320 3520 520 3585 Terribilem
538 3521 643 3587 cristis
659 3523 792 3608 galeam
808 3524 1022 3603 flammasque
1036 3535 1250 3610 vomentem,
1375 3597 1376 3604 χ

320 3624 568 3706 Fatiferumque
583 3646 715 3709 ensem,
730 3613 871 3690 loricam
883 3648 924 3691 ex
942 3642 1018 3693 aere
1033 3626 1213 3714 rigentem,

320 3732 558 3822 &angeriacam
576 3732 765 3825 ingentem,
780 3734 903 3823 qualis,
914 3757 991 3802 eum
1003 3738 1137 3804 eaenda
1149 3739 1252 3804 nubes
