2809 4817
312 440 350 487 ta
546 414 1036 488 ARGUMENTUM

308 574 371 637 titii
385 570 514 649 edocet,
524 573 654 656 locaque
663 572 729 656 eius
746 586 868 637 tractus
875 571 1025 635 nobiliora
1039 571 1142 636 obiter
1154 572 1271 655 hospiti

307 684 564 751 recensetsto-
577 667 644 751 369.
664 667 811 731 Postridie
822 668 962 743 meas,
972 668 1110 749 equitum
1120 667 1270 750 quadrin-

283 784 292 801 ··
307 778 469 845 pensorum
487 762 622 827 subsidio
638 762 781 839 adiutus„
798 760 908 843 esibus
924 761 1184 844 praesusumus.
1196 766 1271 826 uni-

307 852 613 929 deliverandum,
631 870 750 943 pestem
767 855 926 937 sepiarum
936 854 1076 917 mundo
1087 854 1213 919 flumina
1223 857 1264 919 ad

222 966 225 980 ’
298 964 380 1035 ,suos
389 947 532 1009 remittit:
550 947 615 1029 ipse
626 964 698 1012 curu
710 946 831 1028 reliquus
843 945 1003 1030 tigridium,
1023 948 1270 1016 florentissimam

305 1040 543 1123 Tyrrhenorum
551 1043 723 1117 civitatem,
737 1043 828 1125 perit;
840 1044 890 1106 cui
904 1044 1267 1127 cumMeaentiorquem

305 1136 349 1199 ob
368 1136 582 1201 intolerandam
594 1128 803 1201 crudelitatem
820 1154 917 1219 regno
932 1136 1106 1218 expulerat,
1129 1138 1270 1199 interne-

277 1267 280 1273 ·
305 1230 374 1293 cina
386 1229 463 1296 ‘odia
482 1230 711 1295 intercedebant
729 1249 923 1312 454-519.
950 1230 1075 1294 Interim
1084 1230 1270 1307 iluimus,

305 1322 577 1404 uxuris'hlanditiis
591 1324 759 1399 adductus,
778 1325 919 1408 privigno
936 1343 995 1389 suo
1006 1342 1090 1388 artua
1102 1323 1271 1394 fabricetur

298 1435 491 1499 r370-453.
506 1420 674 1501 eademque
689 1420 844 1482 aVeuere
863 1420 901 1481 ad
916 1418 1052 1483 Aeneam
1066 1420 1270 1486 deferunmrt

305 1508 360 1591 qui
368 1528 522 1571 armonnn
533 1511 756 1597 pulchritudine
769 1512 955 1599 detestatus,
967 1529 1038 1577 eum
1048 1530 1150 1579 cereta
1162 1516 1270 1576 omnia

305 1616 371 1661 tum
382 1600 525 1682 clypeum
539 1602 690 1684 inprimis,
711 1603 825 1685 quires
840 1620 860 1664 a
875 1604 1055 1685 posteritate
1068 1622 1122 1670 sua
1131 1621 1269 1671 ‚strenue

304 1695 451 1775 gerendas
466 1694 595 1759 habebat
606 1696 751 1777 depictas,
767 1696 906 1758 studiose
916 1694 1080 1759 admiratur
1093 1716 1159 1776 sto.
1171 1699 1271 1776 msto.

290 1800 292 1807 “
345 1786 474 1849 Ltu.IX.
497 1789 633 1850 Absenre
648 1780 755 1851 Aenea
766 1805 799 1851 et
812 1791 845 1852 in
856 1788 970 1853 Tuscia
984 1791 1199 1870 conquirendis
1209 1810 1269 1854 au·

303 1878 380 1941 xiliis
394 1897 547 1964 occupato
563 1880 690 1943 Turnus
709 1882 862 1945 aluuoue
882 1902 938 1965 per
950 1882 1062 1947 Itidem
1075 1872 1269 1961 admonitus,
1381 1879 1383 1882 ’

303 1988 344 2035 ne
358 1986 471 2040 tantem
484 1972 527 2035 rei
538 1972 616 2034 bene
631 1973 779 2054 gerendae
788 1974 985 2037 occasionem
994 1976 1284 2057 am'trreter,qttttm⁴

303 2064 441 2146 proxime
453 2064 490 2125 ad
509 2064 615 2126 hostes
622 2065 732 2145 eopias
743 2065 889 2128 admovet
900 2085 1018 2145 1-32.
1034 2065 1103 2147 Qui
1121 2086 1191 2135 curn
1202 2069 1272 2131 suis

302 2174 337 2221 se
348 2158 508 2221 moenibus
519 2149 733 2234 continerent}
750 2178 850 2241 neque
865 2178 965 2241 aequo
982 2160 1055 2223 loto
1066 2158 1204 2225 iacerent
1217 2160 1269 2221 di-

302 2250 431 2313 micandi
454 2266 656 2335 potestatem,
676 2268 713 2317 ut
727 2253 782 2316 illis
802 2272 886 2336 spem
908 2270 1031 2316 omnem
1051 2252 1142 2335 fugae
1165 2252 1267 2315 inter-

303 2342 459 2419 cluderet,
481 2346 606 2408 classem
632 2364 761 2409 exurere
784 2362 916 2409 conatur
935 2347 1041 2427 -76.
1069 2344 1142 2412 Erat
1161 2345 1268 2411 classis

302 2435 457 2501 Troianae
472 2442 595 2502 materia
612 2457 649 2499 ex
659 2438 767 2501 Idaeae
781 2439 891 2502 Matris
904 2438 978 2501 luco
995 2456 1101 2501 caesar
1126 2458 1267 2523 quapro-

302 2546 371 2615 pter
382 2532 492 2595 Matris
511 2532 651 2615 precibus
666 2531 816 2595 adductus
833 2532 969 2614 Iuppiter
979 2552 1073 2597 naves
1088 2552 1195 2617 omnes
1212 2534 1267 2595 in-

301 2624 411 2687 cendio
424 2625 554 2707 eripuit,
575 2640 607 2687 et
622 2626 655 2685 in
668 2626 795 2708 totidem
808 2625 968 2705 Nymphas
984 2627 1113 2689 mannas
1128 2645 1266 2691 convet-

301 2715 341 2777 tit
354 2722 396 2765 ·'-
409 2735 474 2783 122.
494 2714 569 2777 Post
590 2716 667 2777 haec
687 2717 864 2780 imminente
877 2717 936 2780 iam
957 2734 1052 2779 nocte
1066 2718 1192 2783 Turnus
1207 2722 1266 2783 ad-'

301 2826 409 2873 versus
421 2808 552 2873 hostium
563 2810 741 2893 eruptiones
750 2812 787 2871 ad
802 2811 906 2894 oppidi
914 2828 1033 2895 portam
1044 2814 1189 2881 excubias
1198 2813 1264 2879 dis'-

301 2904 409 2985 ponit:
428 2903 464 2965 iis
475 2903 651 2983 Messapum
665 2902 854 2986 praeficit-
866 2904 931 2981 167.
947 2906 1071 2969 Interim
1084 2909 1262 2971 constdran·

296 2990 384 3059 ,ribus
395 2993 600 3058 Troianorum
616 2995 757 3072 ducibus,
771 3016 933 3080 quemnam
943 2993 1136 3081 potissimum
1149 3002 1186 3065 ad
1198 3002 1263 3065 Ae·

301 3106 390 3151 neam
411 3088 586 3167 mitterent,
609 3093 662 3173 qui
684 3093 723 3155 de
748 3112 874 3157 suorum
897 3094 1031 3176 periculo
1051 3114 1121 3157 eum
1144 3096 1261 3165 faceret

300 3176 479 3258 certiorem
495 3182 577 3245 ultro
589 3202 657 3245 eam
672 3186 860 3267 provinciam
873 3188 1041 3270 suscipiunt
1050 3187 1144 3251 Nisus
1155 3208 1186 3253 et
1197 3189 1263 3253 Eu-
1328 3211 1330 3218 ·

215 3340 218 3354 ,
300 3273 422 3363 ryalus,
436 3276 718 3340 coniunctissimum
729 3278 896 3343 amicorum
912 3298 964 3362 par
976 3298 1098 3362 ··3¹3·
1117 3282 1260 3364 quicum
1300 3283 1302 3287 ’

300 3365 378 3428 urbe
396 3368 498 3431 emissi
512 3368 648 3433 hostium
659 3369 885 3448 excubiasvino
897 3388 1067 3452 somnoque
1078 3372 1263 3437 obstrusos-

299 3456 485 3536 fendissent,
501 3460 703 3525 Rhamnetem
717 3481 787 3527 eum
802 3482 911 3547 magno
926 3463 1113 3529 Rutulorum
1129 3485 1261 3531 numero

300 3550 468 3628 trucidant,
486 3562 654 3635 eorumque
670 3574 703 3619 se
720 3556 824 3640 spoliis
841 3571 1039 3620 eromant-
1051 3556 1119 3638 366.
1139 3558 1259 3622 Verum

302 3647 390 3720 cum,
412 3646 549 3709 instante
559 3648 624 3709 iam
637 3649 726 3725 luce,
751 3668 785 3714 se
803 3652 939 3736 recipere
961 3654 1261 3737 conantur,'aVoi·

301 3740 413 3803 scentia
436 3741 589 3825 equitibus
613 3745 788 3829 conspecti,
804 3747 851 3808 ad
875 3746 966 3811 silvas
990 3746 1183 3832 confugiunt.
1210 3738 1266 3815 lbi'

216 3856 217 3861 κ
301 3827 471 3911 Euryalus,
489 3850 642 3897 armorum
661 3838 798 3921 pondere
809 3838 939 3921 viaeque
955 3857 1057 3919 errore
1073 3841 1258 3925 impeditus,
