2809 4817
622 288 626 320 t

320 373 526 439 ιιιιιιιι
566 340 879 483 ultrast„
992 408 1102 471 17,-

97 499 252 599 Multaq'ue
269 527 439 603 praeterea
450 520 549 585 sacris
569 518 605 585 iu
620 524 772 607 postibus
785 505 896 610 arma,

40 652 43 659 ι
97 626 212 710 Captivi
228 627 377 709 pendent
391 648 524 710 currus,
539 649 727 711 curvaeque
746 652 891 717 secures,

97 736 129 799 Et
140 736 249 811 cristae
262 735 430 819 capitum,
445 746 478 798 et
492 748 665 819 portarum
682 738 831 826 ingentia
842 742 998 863 claustre,

97 840 295 925 Spiculaque,
317 843 504 929 clipeique,
518 858 697 930 ereptaque
714 856 820 911 rostra
835 846 966 913 caririis.

97 950 161 1031 Ipse
176 946 342 1035 Quirinali
358 950 455 1035 lituo,
471 972 641 1037 parvaque
656 956 792 1037 sedebat

96 1046 276 1119 Succinctus
295 1058 422 1138 trabea,
438 1059 599 1141 laevaque
617 1062 726 1127 ancile
740 1064 875 1151 gerebat

98 1162 195 1245 Picus,
210 1159 334 1245 equum
345 1165 503 1229 domitor:
520 1187 619 1249 quem
628 1178 723 1252 capta
733 1169 891 1251 cupidine
902 1159 1027 1235 coniux
1081 1152 1086 1159 ⁷

100 1268 194 1327 Aurea
206 1286 398 1349 percussum
411 1269 523 1357 virga,
538 1292 737 1353 versumque
746 1274 901 1355 venenis,

101 1368 177 1431 Fecit
189 1388 284 1434 avem
302 1370 411 1455 Circe,
424 1374 607 1457 sparsitque
620 1376 788 1440 coloribus
805 1380 884 1442 alas.

101 1475 164 1539 Tali
177 1477 267 1569 intus
283 1480 407 1561 templo
422 1476 547 1545 Divom'
561 1483 735 1565 patriaque
751 1466 892 1551 Latinus
930 1493 933 1496 ’

103 1578 172 1641 Sede
183 1582 298 1643 sedens
308 1580 454 1643 Teucros
465 1583 508 1643 ad
527 1603 596 1645 sese
613 1582 649 1645 in
666 1593 749 1647 tecta
768 1588 917 1667 vocavit;
1020 1583 1024 1592 “

102 1686 194 1765 utque
204 1686 285 1747 haec
294 1682 451 1770 ingressis
464 1684 597 1766 placido
611 1686 708 1769 prior
725 1688 838 1751 edidit
846 1710 923 1753 ore:

131 1794 238 1879 Dicite,
252 1794 471 1875 Dardanidae,
488 1795 695 1875 nequeenim
706 1781 869 1863 nescimus
879 1810 911 1863 et
923 1802 1052 1885 urbem,
1123 1800 1127 1806 ’
1180 1812 1183 1819 “

103 1900 134 1959 Et
144 1922 258 1987 genus,
271 1900 444 1992 auditique
455 1900 623 1962 advertitis
633 1919 777 1981 aequore
792 1922 939 1984 cursum,
984 1986 989 1995 .

104 2002 180 2087 Quid
191 2004 320 2088 petitis?
334 2024 420 2085 quae
431 2024 528 2067 causa
542 2012 644 2085 rates,
660 2014 717 2070 aut
728 2006 821 2068 cuius
831 2014 964 2089 egentes

103 2108 181 2185 litus
196 2110 239 2173 ad
251 2108 434 2174 Ausonium
448 2120 494 2171 tot
512 2126 571 2198 per
584 2110 670 2170 vada
687 2110 821 2171 caerula
831 2109 942 2172 rexit?
992 2113 1052 2193 198

105 2212 166 2276 Sire
177 2234 288 2279 errore
302 2214 392 2296 viae,
403 2236 460 2277 seu
479 2212 726 2295 tempestatibus
737 2210 817 2292 acti,

104 2316 232 2401 (Qualia
246 2321 351 2383 multa
364 2317 449 2381 mari
462 2327 583 2379 nautae
597 2316 770 2397 patiuntur
785 2314 822 2377 in
836 2315 928 2398 alto)
1017 2378 1020 2382 ,

105 2422 251 2489 Fluminis
263 2424 407 2511 intrastis
417 2425 524 2507 ripas,
536 2431 701 2505 portuque
710 2421 846 2509 sedetis,

107 2529 144 2589 Ne
157 2530 258 2615 fugite
269 2530 467 2613 hospitium,
486 2551 570 2592 neve
582 2529 732 2617 ignorate
746 2526 883 2592 Latinos

105 2632 223 2698 Saturni
236 2644 382 2722 gentem,
401 2640 492 2699 haud
506 2638 617 2702 vinclo
634 2658 695 2700 nec
707 2628 837 2722 legibus
850 2656 1005 2721 aequam,
1041 2644 1044 2647 ’

104 2736 215 2819 Sponte
228 2763 288 2838 sua
303 2742 488 2823 veterisque
498 2742 561 2805 Dei
575 2762 715 2805 seniore
730 2746 916 2823 tenentem

105 2844 196 2925 Atque
211 2849 366 2929 equidem
380 2848 519 2957 memini
509 2849 651 2935 (fama
658 2859 706 2912 est
721 2848 892 2923 obscurior
901 2844 1022 2931 annis)
1137 2927 1140 2934 Ἰ

104 2952 293 3021 Auruncos
282 2966 328 3017 rte
341 2954 429 3017 ferre
444 2946 558 3039 senes,
575 2956 627 3020 his'
640 2966 732 3019 ortus
746 2966 783 3017 ut
800 2954 904 3041 agris

104 3055 267 3121 Dardanus
281 3060 395 3123 Idaeas
409 3060 575 3146 Phrygiae
590 3060 773 3143 penetrarit
779 3064 824 3124 ad
837 3060 947 3143 urbis,

105 3160 348 3247 Threiciamque
354 3166 504 3247 Samum,
516 3186 600 3246 quae
609 3188 699 3231 nunc
709 3167 936 3241 Samothracia
942 3168 1057 3241 fertur.

104 3272 182 3337 Hinc
193 3275 292 3337 illum
305 3273 445 3357 Corythi
454 3275 628 3357 Tyrrhena
640 3277 688 3337 ab¹
697 3278 777 3342 sede
790 3276 977 3359 proiectum

104 3378 202 3443 Aurea
212 3402 310 3444 nunc
318 3379 405 3465 solio
417 3378 683 3465 stellantis-regia
692 3379 779 3446 coeli

103 3483 222 3569 Accipit
231 3522 247 3569 ,ſs
256 3497 289 3549 et
307 3506 483 3549 numerum
497 3486 659 3549 Divorum
677 3485 834 3551 altaribus
847 3482 951 3551 addit.
1004 3522 1007 3528 -

137 3589 284 3652 Dixerat.
304 3591 344 3654 Et
356 3587 443 3651 dicta
457 3588 603 3651 Ilioneus
621 3587 668 3651 ric
681 3606 767 3669 voce,
779 3597 925 3652 secutus:

103 3688 179 3773 Rex,
193 3713 301 3779 genus
314 3692 487 3779 egregium
499 3690 694 3783 Fauni,nec
709 3688 860 3770 fluctibus
875 3696 966 3753 actos
1202 3683 1204 3692 ’

104 3792 175 3856 Atre
192 3792 324 3882 subegit
334 3794 441 3860 hiems
450 3786 566 3859 vestiis
580 3794 756 3860 succedere
777 3791 889 3874 terris,

150 3898 235 3973 Vergil.
264 3900 323 3955 Vol.
338 3900 371 3957 ii.
807 3911 839 3949 ¹²
