2809 4817
377 338 581 401 LIBER
619 338 660 403 V·
701 340 824 420 70786.
1020 348 1078 429 139
1141 371 1146 385 ·

107 482 242 548 Urbem
253 474 339 543 odiis
346 476 425 543 satis
434 486 495 561 est,¹
505 498 573 543 *nec
583 496 727 562 poenam
738 488 900 567 traxe-per
909 500 1047 557 omnem
1124 559 1132 576 ι

107 584 304 667 Reliquiass
321 582 442 649 Troiae
458 582 585 647 eineres
598 591 697 663 atque
708 602 782 649 ona
794 596 962 669 permar

107 688 314 773 Insequitur.
332 690 454 753 cauas
468 684 551 753 tanti
563 684 641 753 sciat
654 684 715 749 illa
727 686 861 751 luroris.

85 799 192 881 *Ipse
205 795 289 859 mihi
305 816 413 879 nuper
421 792 558 877 libycis
575 802 610 859 tu
627 792 715 874 testis
730 793 768 861 in
783 795 899 878 undis,

108 904 225 987 Quam
235 903 358 994 molem
367 900 477 965 subito
486 900 633 965 excierit.
652 901 760 965 Maria
769 902 881 965 omnia
892 906 989 977 coelo
1086 981 1089 988 k

107 998 264 1088 Miscuit,
278 1005 401 1074 Aeoliis
416 1005 642 1091 nequidquam
657 1006 743 1075 nen
762 1008 933 1094 procellis,

109 1115 158 1179 In
173 1114 281 1199 regnis
297 1115 363 1177 hoo
380 1132 459 1177 ausa
478 1114 552 1183 tuis.
916 1122 920 1130 '

110 1220 180 1287 Per
191 1220 296 1283 soelus
308 1238 385 1283 ecoe
401 1218 501 1283 etiam
514 1217 668 1283 Troianis
685 1219 846 1285 matribus
859 1220 940 1285 aetia

111 1322 242 1393 Ennia
251 1324 349 1389 foede
360 1324 498 1409 puppim
511 1327 656 1391 etolasse
668 1325 798 1412 subegit

112 1432 240 1499 amun
253 1434 360 1499 sorios
378 1435 512 1525 ignotae
528 1435 680 1518 linquere
697 1446 814 1526 terrae.

114 1544 213 1627 Quod
225 1552 392 1625 superesti
408 1563 483 1626 oro,
502 1543 600 1607 lioeat
613 1545 694 1607 dare
710 1553 781 1607 tuta
793 1564 854 1627 per
868 1546 975 1609 undas

112 1646 197 1711 Vela
214 1647 293 1713 tibi!
308 1647 405 1712 licem
420 1648 618 1717 Laurentem
631 1647 794 1733 attlngere
804 1647 987 1729 Thybrim!

114 1752 151 1815 Si
166 1772 318 1816 concessa
338 1762 433 1835 peto,
450 1752 628 1817 sidentes
647 1751 780 1817 moenie
796 1753 928 1819 Pareae.
1035 1742 1048 1757 ”’

154 1860 240 1925 Tum
252 1855 424 1927 Saturnius
437 1860 518 1923 haeo
533 1856 678 1927 domitor
693 1856 793 1921 maris
806 1855 910 1919 edidit
923 1854 998 1919 alti:

112 1968 174 2031 Fas
185 1984 286 2035 omne
301 1976 366 2049 est,
384 1967 562 2049 Cytherea,
579 1966 705 2031 meista
718 1963 822 2029 fidere
834 1966 964 2053 regnis,

106 2070 208 2141 'Unde
224 2093 331 2161 genus
344 2072 445 2136 ducis.
456 2070 565 2135 Merui
579 2090 728 2153 quoque:
748 2090 847 2155 saepe
863 2072 993 2136 furores
1009 2074 1069 2139 dos

115 2176 300 2260 compressi
311 2186 343 2241 et
358 2176 484 2241 rabiem
502 2185 627 2239 tantam
644 2175 796 2258 coelique
808 2177 982 2257 marisque.

114 2282 178 2343 Nee
189 2280 303 2345 minor
312 2280 349 2343 in
363 2281 476 2364 terris,
494 2282 663 2345 Xanthum
679 2280 914 2361 Simoentaque
927 2290 1043 2367 testor,

114 2384 241 2451 Aeneae
253 2383 339 2447 mihi
352 2405 432 2449 aura
448 2382 505 2448 tul.
522 2386 606 2445 Cum
618 2384 719 2445 Troia
730 2380 872 2445 Achilles

113 2488 308 2552 Exanimta
320 2486 672 2575 sequens'impingerot
687 2487 822 2573 agmina
840 2485 960 2572 muris,

113 2586 218 2657 Millia
230 2596 342 2681 multa
355 2596 448 2657 daret
462 2595 544 2675 leto,
562 2603 796 2680 gemerentque
812 2589 931 2673 repleti
1008 2655 1011 2661 ,

114 2698 248 2782 amnes,
264 2721 325 2763 nee
343 2684 488 2782 reperiri
499 2696 588 2760 viam
604 2706 702 2779 atquo
717 2698 871 2761 evolvere
882 2704 992 2779 ponet
1064 2728 1069 2740 ·

113 2800 153 2865 In
167 2822 261 2865 mare
274 2822 309 2867 se
321 2804 487 2869 Xanthus:
504 2800 636 2864 Pelidae
652 2808 731 2863 tune
747 2816 810 2885 ego
826 2796 906 2862 forti
990 2812 993 2819 ·

115 2906 334 2991 (longi-essum
344 2910 491 2987 Aenean,
506 2926 567 2968 nec
577 2898 636 2971 Dis
646 2924 709 2967 neo
722 2900 847 2965 viribus
860 2899 990 2986 aequis,

115 3009 207 3073 Nube
219 3030 301 3073 aava
313 3008 424 3096 rapui:
440 3030 594 3092 cuperem
610 3030 685 3071 curn
698 3018 826 3072 vertere
838 3010 880 3071 ab
889 3007 960 3072 imo
998 3045 1000 3049 ,

114 3116 243 3182 structa
256 3114 337 3179 meis
351 3114 504 3179 manibus
515 3114 665 3198 periurae
678 3114 810 3179 moenia
822 3114 953 3177 Troiae.

115 3220 209 3287 Nune
226 3242 361 3309 quoque
374 3242 469 3289 mens
483 3222 596 3288 sedem
614 3228 736 3305 perstat
751 3219 852 3286 mihi:
869 3219 958 3304 pello

120 3340 122 3345 '
639 3327 803 3395 timorem.

115 3430 233 3515 Tutus,
243 3450 327 3515 quos
340 3443 446 3517 optas,
462 3440 577 3517 portus
588 3435 720 3497 assedet
735 3431 868 3499 Avemi.
992 3489 1009 3510 ,

115 3530 206 3600 Unus
219 3534 283 3598 erit
294 3544 437 3621 tantum,
448 3537 603 3604 amissum
616 3559 716 3619 quem
727 3538 861 3625 gurgite
873 3543 1029 3619 quaerela

115 3638 227 3703 Unum
240 3660 302 3725 pro
317 3642 429 3706 mullis
444 3639 576 3705 dabitur
590 3649 699 3725 eaput.

115 3742 174 3812 His
189 3745 251 3809 ubi
262 3747 350 3815 laeta
364 3750 455 3831 Deae
472 3740 644 3836 permulsit
659 3754 794 3833 pertore
806 3747 919 3831 dietis,
