2809 4817
363 352 517 437 bs.
665 365 1011 429 sermons
1162 366 1280 428 uun
1377 371 1378 374 ¹

361 508 488 573 Etrusci
500 506 616 571 socios.
634 507 823 587 Tenebras,
836 515 870 569 et
883 506 1003 569 inertia
1015 505 1104 570 furta

359 609 538 696 [Palladii,
558 608 658 673 caesis
676 628 826 672 summae
842 609 1032 673 custodibus
1050 608 1173 695 arcis,]

361 718 410 777 Ne
425 714 577 792 timeant3
592 733 653 775 nec
666 712 745 793 equi
760 732 857 775 caeca
873 715 1057 776 condemur
1072 713 1109 778 in
1123 718 1220 779 alvo:

360 822 461 903 Luce,
477 823 602 904 palam,
618 828 745 881 eertum
755 828 803 881 est
818 818 888 905 igni
904 820 1110 883 circumdare
1127 843 1252 886 muros.

360 928 460 990 Haud
469 925 532 997 sibi
543 947 619 988 cum
632 924 755 988 Danais
769 945 842 989 rem
851 946 931 990 saxo
944 935 979 989 et
990 928 1079 1009 pube
1091 928 1231 1015 Pelasga

360 1030 435 1093 Esse
444 1040 576 1111 putent,
587 1029 764 1091 decumum
776 1044 859 1107 quos
872 1026 999 1089 distulit
1007 1029 1130 1092 Hector
1141 1026 1310 1091 irrannum.

359 1139 455 1199 Nunc
468 1138 568 1217 adeo,
582 1134 701 1198 melior
720 1132 881 1215 quoniam
892 1153 969 1217 pars
978 1144 1051 1195 acta
1067 1132 1149 1215 diei,

360 1241 460 1323 Quod
472 1247 634 1323 superest,
650 1234 728 1303 laeti
743 1240 827 1301 bene
840 1235 939 1322 gestis
956 1256 1098 1318 corpora
1113 1239 1215 1301 rebus

359 1348 550 1424 Procurate,
569 1342 647 1420 viri;
664 1352 696 1404 et
710 1361 859 1428 pugnam
872 1350 1001 1422 sperate
1018 1338 1136 1421 parati.

358 1449 488 1510 interea
503 1447 643 1533 vigilum
660 1444 807 1509 excubiis
824 1443 973 1507 obsidere
985 1453 1100 1528 portas

360 1556 446 1616 Cura
461 1555 557 1616 datur
568 1557 734 1636 Messap0,
754 1563 786 1614 et
804 1549 936 1615 moenia
953 1551 1087 1638 cingere
1103 1554 1256 1619 flammis.

358 1661 411 1723 Bis
422 1672 571 1751 septem,
582 1660 707 1721 Rutulo
720 1678 832 1721 muros
846 1657 905 1739 qui
917 1656 1022 1721 milite
1039 1669 1191 1743 servent,

358 1766 500 1829 Delecti:
515 1775 564 1827 ast
578 1765 654 1828 illos
670 1762 800 1827 centeni
813 1784 979 1845 quemque
992 1774 1180 1845 sequuntur

358 1872 521 1954 Purpurei
538 1871 642 1935 cristis
657 1870 793 1933 iuvenes
805 1891 953 1952 auroque
971 1870 1108 1933 corusci.

272 1954 280 1968 x
357 1977 567 2057 Discurrunt,
589 1975 783 2057 variantque
796 1975 902 2058 vices,
917 1975 1049 2057 fusique
1068 1997 1130 2059 per
1147 1978 1280 2041 herbam

358 2081 536 2167 Indulgent
554 2080 651 2163 vino,
664 2091 696 2143 et
710 2090 843 2141 vertunt
855 2089 994 2142 crateras
1007 2084 1117 2143 ainos.
1261 2080 1305 2143 165

359 2187 532 2249 Collueent
545 2185 656 2273 ignes:
675 2194 807 2247 noctem
823 2183 970 2251 custodia
991 2183 1083 2247 ducit
1235 2162 1238 2176 Ι

356 2288 547 2351 Insomnem
564 2290 655 2351 ludo.
797 2278 820 2295 '⁸'

397 2398 489 2461 Haec
497 2418 596 2481 super
606 2419 626 2460 e
638 2396 728 2459 vallo
741 2405 951 2479 prospectant
963 2398 1080 2479 Troes,
1093 2384 1128 2462 ei
1139 2378 1241 2462 arriris

356 2504 431 2565 Alta
441 2513 573 2581 tenent3
590 2522 652 2565 nec
669 2518 739 2563 nou
758 2502 879 2584 trepidi
895 2503 1076 2566 formidine
1086 2514 1201 2588 portas

356 2611 553 2693 Explorant,
571 2608 750 2692 pontisque
762 2617 793 2670 et
803 2611 1055 2695 propugnacula
1070 2610 1231 2697 iungunt3

275 2704 283 2715 “
355 2716 436 2779 Tela
447 2725 578 2803 gerunt.
594 2716 721 2781 bistant
730 2718 918 2779 Mnestheus
928 2736 1068 2797 acerque
1084 2717 1246 2779 Serestus:

357 2825 448 2907 Quos
463 2834 557 2907 pater
571 2826 714 2903 Aeneas,
732 2821 907 2901 siquando
921 2825 1058 2887 adversa
1073 2835 1248 2903 vocarent,
1274 2877 1276 2882 .

356 2931 511 2993 Rectores
523 2928 683 2991 iuuenum
700 2937 732 2991 et
742 2948 854 2989 rerum
868 2927 959 2991 dedit
972 2950 1040 2992 esse
1058 2929 1244 3013 magistros.

357 3030 476 3095 Omnis
493 3053 555 3115 per
573 3050 686 3095 muros
702 3030 809 3117 legio,
823 3032 937 3095 sortita
955 3032 1133 3114 periclum,

356 3137 520 3219 Excubat,
530 3142 723 3215 exercetque
732 3135 835 3217 vices,
854 3138 946 3216 quod
958 3136 1077 3219 cuique
1088 3141 1248 3202 tuendum
1256 3142 1305 3201 est.

319 3248 323 3253 “
396 3242 492 3305 Nisus
506 3253 577 3305 erat
589 3252 704 3326 portae
717 3254 838 3323 custos,
854 3241 1033 3308 acerrimus
1049 3246 1168 3330 armis,

355 3347 568 3430 Hyrtacides3
589 3346 743 3411 comitem
761 3349 891 3410 Aeneae
908 3367 1008 3428 quem
1019 3348 1154 3413 miserat
1164 3352 1225 3413 Ida

356 3450 532 3532 venatrix,
550 3451 659 3514 iaculo
675 3453 814 3514 celerem
831 3448 1026 3533 levibusque
1036 3453 1185 3540 sagittis3
1255 3469 1258 3474 ⁴

356 3554 395 3614 Et
410 3553 503 3616 iuxta
516 3574 625 3618 comcs
644 3556 821 3637 Euryalus,
840 3577 906 3637 quo
920 3558 1089 3639 pulchrior
1100 3562 1185 3625 alter

355 3660 431 3719 Non
444 3656 508 3721 luit
519 3661 727 3741 Aeneadum,
739 3661 884 3724 Troiana
897 3682 1005 3743 neque
1019 3661 1130 3725 induit
1143 3684 1248 3741 arma5

358 3762 426 3824 Ora
442 3783 526 3849 puer
540 3762 648 3847 prima
662 3762 796 3851 signans
808 3764 941 3831 intonsa
955 3765 1102 3829 iuventa.
