2809 4817
358 394 420 459 eoa
663 386 1020 457 annuruos
1160 401 1284 487 ear,
1351 397 1380 472 t

1378 511 1379 566 t

357 510 468 623 Quam
482 541 685 617 memorant,
698 535 873 619 Nymphae
887 535 1036 619 priscum
1051 535 1239 608 dumentis

951 641 1116 705 honorum

356 750 630 823 Vatisfatidicaet
651 752 771 817 cecinit
784 776 871 837 quae
883 754 993 838 prima
1009 756 1141 821 tuturos

356 864 525 927 Aeneadas
538 880 677 946 magnos
693 868 727 922 e't
742 858 856 922 nobile
869 861 1086 924 Pallanteum.

355 971 444 1033 Hinc
458 971 571 1034 lucum
585 967 772 1053 ingentem,
784 984 884 1045 quem
899 968 1063 1031 Romulus
1073 989 1149 1033 acer
1159 972 1299 1057 Asylum
1378 1055 1379 1058 Ἴ

355 1076 497 1157 Retulit,
514 1084 547 1138 et
562 1068 672 1160 gelida
684 1084 846 1135 monstrat
860 1076 923 1135 sub
939 1094 1023 1156 rupe
1035 1077 1217 1163 Lupercal,

355 1178 529 1244 Parrhasio
542 1176 668 1241 dictum
682 1179 789 1241 Panos
802 1178 843 1240 de
857 1197 950 1240 more
962 1178 1097 1260 Lycaei.

341 1290 422 1372 ,Nec
437 1306 505 1349 non
519 1293 552 1348 ct
564 1283 648 1349 sacri
664 1293 825 1345 monstrat
842 1302 959 1345 nemus
969 1283 1126 1370 Argileti,

353 1394 571 1471 Testaturque
581 1390 709 1469 locum,
729 1396 762 1451 ct
776 1389 881 1449 letum
896 1388 993 1453 docet
1007 1390 1147 1471 hospitis
1161 1391 1253 1480 Argi.

353 1500 442 1566 Hinc
453 1502 496 1563 ad
505 1498 682 1582 Tarpeiam
696 1499 807 1559 sedem
827 1507 858 1558 et
871 1498 1034 1580 Capitolia
1051 1500 1160 1582 ducit,

353 1606 462 1666 Aurea
476 1624 580 1684 nunc,
594 1601 676 1663 olim
693 1600 897 1665 silvestr-rbus
910 1601 1047 1665 horrida
1062 1606 1186 1671 dumis.

351 1708 424 1768 Iam
441 1716 511 1769 tum
526 1704 645 1789 religio
657 1704 797 1786 pavidos
811 1707 954 1768 terrebat
966 1706 1103 1792 agrestis

350 1813 433 1875 Dira
446 1812 528 1892 loci3
540 1813 607 1874 iam
626 1820 696 1873 tum
710 1812 828 1892 silvam
845 1830 1029 1893 saxumque
1042 1815 1249 1879 tremebam*

351 1924 425 1986 Hoc
435 1920 988 2005 nemus,hunc,inquit,froudoso
998 1922 1265 2006 verticecollem,
1378 1975 1379 1980 ,

351 2028 542 2113 QnisDens,
553 2026 719 2091 incertum
729 2037 786 2108 est,
796 2026 923 2089 habitat
932 2028 1039 2089 Deus:
1052 2029 1196 2092 Arcades
1207 2028 1309 2113 ipsum

351 2134 498 2194 Credunt
507 2153 542 2196 se
554 2130 675 2195 vidisse
683 2133 812 2211 lovem,
832 2151 908 2194 curn
921 2150 1020 2214 saepe
1036 2130 1228 2217 nigrantem
1256 2132 1310 2197 353

350 2239 477 2325 Aeg'ida'
492 2245 694 2318 concuteret,
708 2238 824 2297 dextra
841 2236 1037 2315 nimbosque
1055 2236 1166 2299 cieret.
1378 2235 1379 2310 E

349 2350 441 2410 Haec
458 2348 525 2409 duo
538 2326 708 2429 praeterea
722 2341 865 2405 disiectis
878 2339 1003 2423 oppida
1018 2341 1141 2423 muris,
1378 2337 1379 2348 ’

349 2454 519 2537 Reliquias
530 2464 747 2533 veterumque
759 2452 850 2515 vides
864 2463 1082 2515 monumenta
1098 2451 1259 2515 virorum.
1378 2467 1379 2534 ᾗ

349 2565 445 2625 Hane
458 2564 557 2623 Ianus
569 2568 679 2645 pater,
696 2560 784 2619 hanc
795 2558 953 2621 Saturnus
967 2556 1117 2645 condidit
1129 2576 1254 2624 arcetur
1343 2568 1347 2575 '
1378 2543 1379 2610 l

347 2665 536 2729 Ianiculum
552 2664 715 2748 huic,.illi
727 2664 835 2726 luerat
851 2646 1003 2728 Saturnia
1015 2653 1153 2726 nomeu.
1378 2667 1379 2674 ’

348 2773 483 2837 Talibus
496 2772 583 2836 inter
597 2794 632 2837 sc
649 2770 745 2835 dictis
758 2774 801 2834 ad
815 2781 900 2835 tecta
917 2770 1071 2834 subibant

347 2878 504 2962 Pauperis
515 2875 681 2958 Evandri,
693 2875 883 2958 passimque
896 2886 1045 2939 armenta
1056 2877 1216 2939 videbant

260 3020 263 3027 -
347 2987 565 3064 Romanoque
578 2986 662 3044 Foro
678 2992 711 3045 et
724 2981 821 3044 lautis
838 2982 967 3068 mugire
982 2970 1121 3047 Carinis.

347 3092 391 3151 Ut
403 3097 540 3149 ventum
550 3089 593 3149 ad
603 3090 714 3151 sedes:
730 3090 821 3150 Haec
827 3087 972 3171 ,inquit,
983 3086 1102 3152 limina
1116 3090 1224 3154 uictor

346 3194 477 3257 Alcides
491 3192 608 3272 subiit;
626 3196 708 3257 haee
725 3192 821 3256 illum
838 3194 930 3281 regia
945 3194 1041 3277 cepit.
1150 3245 1154 3251 .
1378 3249 1379 3264 ,

344 3300 440 3362 Ande
445 3300 600 3381 ,hospes,
611 3304 820 3362 contemnere
830 3319 926 3382 opes,
937 3298 1379 3387 ettequoquedignuru
1378 3325 1379 3330 ¹

345 3402 450 3489 Finge
460 3403 548 3467 Deo
539 3400 721 3482 ,lebusque
734 3400 813 3464 veni
825 3414 893 3463 non
904 3420 1001 3483 asper
1010 3400 1135 3486 egenis.

344 3509 454 3589 Dixit,
464 3519 497 3572 et
512 3508 643 3595 angusti
655 3511 768 3573 subter
782 3507 911 3594 fastigia
925 3505 1004 3571 teeti

344 3613 517 3697 Ingentem
524 3615 659 3676 Aenean
672 3613 782 3694 duxit,
797 3612 971 3693 stratisque
985 3610 1108 3675 lemur

344 3714 504 3781 Effultum
520 3719 608 3785 foliis
619 3728 651 3782 et
662 3721 751 3803 pelle
763 3718 944 3803 Libystidis
959 3738 1065 3781 ursae.

344 3826 417 3887 Nox
426 3822 507 3907 ruit,
519 3833 552 3888 et
567 3822 665 3891 fuscis
677 3824 828 3887 tellurem
834 3822 1050 3916 amplectitur
1059 3821 1134 3889 alis·
