2809 4817
340 372 543 437 LIBER
582 372 647 437 XI·
687 376 821 437 uasa.
995 376 1058 441 ³05

87 494 209 595 thue
217 511 335 595 procul
345 512 457 577 m'edio
467 510 678 579 iuvenumio
687 510 832 579 elamore
841 514 1009 579 furentum

52 683 58 720 Ι
87 610 367 695 Prospexituiui
382 614 554 680 multatam
566 626 671 679 morte
682 618 873 699 Camillam

87 717 346 803 Ingeniumque,
357 716 513 800 deditque
526 721 585 785 has
595 721 664 785 imo
674 736 808 807 pectore
817 748 929 794 voees:

88 824 165 885 Heu
179 819 341 902 nimium,
352 820 466 906 virgo,
478 822 619 887 nimium
634 830 766 893 crudele
781 830 872 895 luisti

85 924 323 1009 Supplicium,
334 928 478 991 Teucros
492 939 610 991 conata
619 928 777 995 lacessere
791 934 899 997 bello!

89 1033 158 1094 Nec
170 1028 237 1095 tibi
248 1032 395 1093 desertae
410 1030 447 1095 in
460 1032 569 1097 dumis
580 1034 721 1097 coluisse
730 1034 875 1099 Dianam

89 1136 242 1219 Profuit,
252 1148 308 1201 aut
322 1146 448 1206 nostras
462 1141 603 1203 humero
615 1140 750 1225 gessisse
763 1144 941 1223 pharetras.

91 1248 167 1308 Nou
186 1253 299 1307 tamen
311 1232 501 1309 indeoorem
513 1256 568 1309 tua
583 1256 615 1309 te
629 1244 747 1331 regina
755 1246 893 1326 reliquit

93 1349 330 1413 Extremaiam
344 1349 381 1413 io
392 1358 516 1427 morte;
531 1370 640 1431 neque
653 1350 798 1413 hocsiue
812 1348 947 1413 nomine
956 1350 1060 1413 letum

92 1458 156 1518 Per
166 1453 279 1542 gentis
287 1454 367 1532 erit3
382 1464 439 1517 aut
452 1454 574 1517 famam
585 1454 722 1537 patieris
735 1456 871 1518 inultae.
919 1503 922 1510 .
1045 1481 1047 1486 ·

93 1560 181 1638 Nam
195 1554 396 1639 quicunque=
404 1567 495 1621 mum
506 1556 644 1619 violavit
653 1558 791 1621 vulnere
804 1578 939 1640 eorpus,

94 1666 208 1727 Morte
217 1661 287 1725 luet
298 1660 425 1725 merita.
446 1661 520 1725 Fuit
531 1663 650 1757 ingene
662 1667 930 1734 moutesubalto
988 1726 992 1731 ,
1043 1689 1051 1722 :

94 1766 197 1856 Regis
208 1768 375 1835 Dercenni
391 1780 521 1835 terreno
535 1791 576 1833 ex
588 1790 710 1857 aggere
720 1775 856 1836 bustum

95 1870 238 1955 Antiqui
247 1874 433 1955 Laurentis,
443 1894 612 1958 opacaque
626 1874 701 1937 iliae
718 1886 860 1954 tectum3

95 1971 158 2041 Hic
169 1980 289 2043 Deaee
301 1976 447 2059 prunum
462 1977 580 2061 rapido
593 1978 817 2059 pulcherrima
829 1978 906 2041 nisu

94 2083 198 2165 Sistit,
209 2085 426 2154 etArruntem
441 2084 571 2143 tumulo
584 2084 773 2164 speculatur
788 2086 831 2146 ab
848 2085 927 2145 alto.
1000 2082 1059 2145 85³

95 2188 139 2249 Ut
151 2186 239 2250 vidit
250 2186 432 2273 fulgentem
442 2185 559 2266 aruris,
571 2205 609 2247 ac
620 2203 707 2252 vana
723 2198 922 2249 tumentem:

96 2296 179 2376 Cur,
190 2292 315 2375 inquit,
326 2292 473 2369 diuersus
487 2292 578 2355 abis?
591 2294 658 2353 huo
670 2292 775 2378 dirige
786 2312 952 2376 gressum,

96 2400 171 2463 Huo
187 2396 333 2479 periture
343 2396 437 2478 ueni,
449 2396 559 2479 capias
571 2407 608 2459 ut
625 2396 728 2482 digna
737 2395 896 2461 Camillae
916 2397 921 2407 ⁴
1041 2430 1044 2435 ·
1135 2384 1140 2404 ¹

98 2502 259 2565 Praemia.
271 2504 366 2565 Tune
378 2500 477 2564 etiam
493 2499 563 2565 telis
577 2500 719 2568 moriere
729 2502 877 2564 Dianae?
952 2544 961 2559 .

97 2608 203 2687 Dixit,
216 2618 247 2673 el
260 2617 376 2671 aurata
383 2607 551 2669 volucrem
561 2608 714 2668 Threissa
731 2606 886 2691 sagittam

97 2711 288 2797 Depromsit
296 2714 464 2797 pharetra,
475 2731 644 2791 cornuque
656 2711 788 2772 infensa
803 2708 954 2791 tetendit,

98 2824 137 2885 Et
154 2820 248 2885 duxit
260 2822 375 2907 louge,
386 2822 492 2883 donec
505 2829 639 2883 curvata
654 2819 781 2881 coirent

99 2931 238 3001 interae
253 2926 376 3011 eapite,
388 2938 420 2990 et
431 2926 583 2991 manibus
594 2926 662 2989 iam
677 2936 826 3011 taugeret
840 2922 970 3006 aequis,

99 3039 210 3099 Laeva
224 3034 330 3099 aoiem
345 3032 439 3111 ferri,
457 3035 571 3095 dextra
587 3051 757 3111 nervoque
770 3029 941 3112 papillam.

99 3138 274 3219 Extemplo
290 3133 348 3200 teli
362 3132 538 3195 stridorem
551 3152 715 3210 auraeque
727 3131 885 3194 sonantia-
975 3152 981 3163 ’
1000 3202 1004 3207 ,

99 3242 215 3308 Audiit
225 3260 292 3305 una
300 3242 443 3319 Arruns,
453 3236 623 3315 haesitque
635 3232 823 3317 iu'oorpore
836 3235 969 3297 ferrum.

100 3349 202 3409 Illum
217 3342 436 3429 exspirantem
446 3338 527 3405 socii
540 3350 637 3418 alque
652 3347 799 3399 extrema
809 3346 996 3423 gementem

102 3450 211 3517 Obliti
220 3450 337 3537 ignoto
347 3463 539 3529 camporum
550 3441 588 3505 iu
599 3443 738 3523 pulvere
751 3439 923 3519 linquunt:

103 3554 186 3637 Opis
200 3556 244 3619 ud
260 3551 443 3615 aetherium
457 3545 575 3641 pennis
589 3544 737 3607 aufertur
746 3544 943 3623 Olympum.

142 3656 255 3720 Prima
266 3654 365 3741 fugit,
375 3652 510 3718 domina
522 3647 654 3728 amissa,
671 3645 754 3709 leuis
766 3646 820 3707 ala
829 3644 1005 3723 Camillam

103 3761 242 3828 Turbati
254 3759 387 3847 fugiunt
396 3756 531 3839 Rutuli3
544 3755 629 3841 fugit
639 3772 715 3821 acer
724 3751 856 3828 Atinam

172 3864 259 3935 Virgil.
276 3860 334 3915 Vol.
350 3862 385 3914 lt.
838 3868 872 3907 ao
