2809 4817
375 313 414 421 aa
677 346 1027 418 Acucrnos
1169 349 1296 436 ean.

373 510 481 587 Atque
493 499 575 569 haec
587 500 710 567 deinde
720 502 810 567 canit
822 502 938 567 divino
947 518 989 565 ex
999 519 1058 566 ore
1074 500 1248 569 ucerdost

355 605 367 633 l
416 614 498 671 Nate
511 610 595 687 Dea,
611 616 734 671 nam-te
744 604 926 669 maioribus
936 604 987 667 ire
997 625 1059 687 per
1069 607 1176 672 altum

374 713 538 799 Auspiciis
553 711 727 775 manifesta
736 709 832 775 fides:
844 710 968 775 alciata
979 708 1089 773 Dcitm
1103 732 1162 775 rex

376 818 529 899 Sortitur,
538 816 710 897 volvitque
717 815 823 892 vices3
834 813 1012 879 iavet-titur
1026 818 1109 880 ordo
1123 834 1133 879 r

375 926 483 987 Pauca
496 922 556 985 tibi
569 943 588 985 e
603 919 733 1000 multis,
743 938 811 1001 quo
823 920 925 983 tutior
940 918 1074 1001 hospita
1084 922 1206 985 lustres
1234 943 1240 973 -·

375 1033 545 1109 Aequora,
558 1036 590 1089 et
599 1024 745 1089 Ausonio
755 1024 861 1111 possis
869 1024 1042 1089 considere
1051 1034 1166 1108 portu,
1180 1097 1184 1109 ¹

376 1128 556 1216 Expediam
571 1126 683 1207 dictis3
698 1128 877 1212 probibent
886 1147 967 1191 nam
981 1138 1090 1193 cetera
1101 1131 1227 1194 Parcae

376 1235 479 1316 Scire,
491 1236 656 1297 Helenum
672 1232 804 1313 latique
817 1233 1172 1299 veutsarurnialuno.

376 1338 545 1420 Principio
562 1336 704 1417 ltaliam,
726 1354 829 1416 quam
839 1344 875 1399 tu
891 1335 960 1398 iam
972 1356 1049 1408 rere
1061 1338 1301 1421 propinquam,

376 1441 592 1523 Vicinosque,
606 1440 740 1527 ignare,
746 1459 851 1521 paras
863 1438 1023 1507 invadere
1036 1452 1168 1526 portus,

375 1552 492 1638 Longa
502 1550 619 1634 procul
630 1546 742 1634 longis
752 1546 808 1609 via
822 1546 944 1609 dividit
957 1547 1170 1615 insistatis.
1205 1590 1208 1601 ·

377 1658 462 1717 Ante
475 1663 508 1719 et
522 1651 695 1717 Trinacria
708 1652 885 1715 lentandus
898 1672 1011 1719 remus
1022 1651 1061 1715 iu
1072 1656 1181 1737 unda,

377 1760 418 1822 Et
427 1758 504 1821 salis
516 1755 653 1821 Ausonii
663 1757 871 1819 lustrandum
885 1757 1176 1842 navibusaequor,

376 1861 569 1944 Infernique
588 1864 692 1944 lacus,
708 1864 899 1944 Aeaeaeque
917 1862 1026 1927 insula
1043 1863 1177 1947 Circae,

378 1975 487 2057 Quam
505 1979 575 2032 tuta
588 1968 692 2051 possis
710 1971 829 2031 urbem
839 1988 1041 2053 componere
1055 1979 1153 2034 terra.

286 2144 289 2149 ,
378 2078 480 2163 Signa
496 2076 558 2139 tihi
575 2077 701 2141 dium:
718 2087 753 2138 tu
768 2076 900 2141 condita
917 2088 1030 2141 mente
1046 2086 1166 2141 teneto.
1277 2070 1329 2139 388

379 2186 464 2247 Cum
480 2183 539 2247 tibi
555 2183 698 2249 sollicito
710 2184 829 2249 secreti
845 2186 889 2247 ad
902 2183 1049 2249 fluminis
1065 2186 1197 2251 undam

378 2287 517 2353 Litoreis
534 2289 652 2377 ingens
663 2289 799 2353 inventa
813 2289 876 2353 sub
889 2287 1022 2353 ilicibus
1033 2308 1089 2353 aus
1097 2334 1109 2371 ,

379 2392 531 2477 Triginta
545 2392 789 2491 capitum-fetus
804 2389 920 2473 enixa,
933 2391 1070 2486 iacebit,

265 2562 267 2569 ,
379 2498 483 2579 Alba,
499 2499 570 2560 solo
583 2499 759 2577 recubans,
772 2496 842 2559 albi
860 2498 987 2560 circum
1000 2502 1104 2562 ubera
1118 2500 1209 2565 nstit

231 2598 234 2603 ’
344 2661 348 2667 ,
379 2605 412 2667 Is
428 2604 520 2667 locus
533 2603 625 2667 urbis
640 2603 723 2681 erit3
743 2603 876 2683 requies
886 2624 926 2667 ea
937 2615 1027 2669 certa
1038 2606 1207 2670 laborum.

259 2740 287 2751 -ι
380 2710 447 2769 Nec
462 2718 495 2771 tu
512 2710 700 2771 mensarum
719 2728 849 2773 morsus
862 2710 1014 2773 horresce
1032 2711 1179 2776 futuros:

381 2815 459 2899 Fata
472 2812 562 2875 viam
580 2810 769 2890 invenient,
789 2811 961 2892 aderitque
978 2819 1113 2875 vocatus
1128 2814 1259 2895 Apollo·

382 2918 450 2979 Has
463 2926 574 2979 autem
594 2926 711 2998 terras,
727 2916 867 2999 Italique
879 2920 967 2982 hanc
979 2917 1086 2981 litoris
1100 2938 1196 2981 oram
1205 2967 1216 3002 ,
1310 2930 1315 2935 “

382 3023 538 3087 Proxima
551 3042 637 3105 quac
650 3024 756 3089 nostri
767 3026 979 3108 perfunditur
992 3026 1146 3107 aequoris
1160 3038 1265 3108 aestu,

376 3130 516 3221 ¹Effuge:
531 3136 651 3199 cuncte
664 3136 763 3199 malis
775 3136 968 3199 habitantur
979 3137 1112 3201 moenia
1123 3139 1260 3205 Graiis·

382 3232 448 3302 Hie
461 3248 492 3301 et
510 3236 646 3321 Narycii
663 3249 846 3322 posuerunt
857 3239 991 3316 moenia
1006 3242 1121 3327 Locri,

383 3343 423 3404 Et
435 3341 633 3405 Sallentinos
648 3341 777 3419 obsedit
793 3341 903 3419 milite,
915 3364 1051 3427 campos
1130 3378 1135 3386 ·

383 3444 519 3525 Lyctius
536 3445 748 3508 Idomeneusr
767 3435 823 3507 hic
842 3444 902 3507 illa
914 3445 1008 3511 ducis
1017 3445 1176 3511 Meliboei

384 3552 490 3638 Parya
501 3549 702 3616 Philoctetae
714 3552 857 3619 subnixa
870 3552 988 3619 Petilia
999 3574 1109 3623 muro·
1147 3576 1151 3584 ’

385 3652 494 3739 Quin,
504 3654 567 3743 ¹ubi
582 3656 790 3721 transmissae
798 3657 946 3723 steterint
959 3668 1049 3731 trans
1057 3677 1203 3741 aequora
1215 3642 1331 3729 clasaet',

385 3762 425 3824 Et
437 3758 553 3845 positis
568 3760 634 3827 aris
650 3760 720 3831 iam
733 3772 812 3829 vota
822 3762 860 3827 in
877 3764 974 3854 litore
986 3767 1108 3837 solves:
1157 3855 1161 3862 Ι
