2809 4817
434 385 639 453 LIBER
677 388 704 452 1.
743 390 869 455 arri.
1093 416 1133 465 ³1

159 534 209 599 In
223 528 362 620 puppim
378 528 472 596 ierit:
488 530 672 616 excutitur,
689 551 882 617 pronusque
896 532 1053 626 megister

159 634 322 701 Volvitur
334 633 373 699 in
390 643 508 719 ceput,
527 644 577 699 ast
592 635 687 699 illam
701 646 752 699 tcr
768 638 886 703 fluctus
899 638 1028 707 ibidem

159 740 315 821 Torquet
329 756 432 827 agens
451 738 593 825 circum,
610 750 644 805 ct
659 742 796 827 rapidus
809 754 906 829 vorat
915 766 1043 831 aequo.

645 864 684 907 re
695 855 823 910 vortex.

161 946 338 1033 apparent
349 945 419 1012 rari
435 955 551 1014 nantes
564 947 599 1014 in
611 951 745 1037 gurgite
759 963 874 1036 νικος

161 1048 409 1133 Armauiritm,
421 1050 633 1139 tabulaeque,
650 1059 791 1123 etTroia
803 1079 955 1147 ganaper
967 1065 1084 1131 under.

161 1156 239 1218 Iam
253 1152 401 1217 validam
418 1154 537 1219 Ilionei
553 1176 693 1243 navem,
709 1160 777 1225 iem
795 1164 889 1229 fortis
900 1168 1057 1253 Achatae,

161 1258 210 1319 Et
219 1276 284 1339 qua
293 1265 407 1321 vectus
417 1259 520 1342 Abas,
531 1270 563 1323 et
575 1280 642 1342 qua
654 1265 863 1348 grandaevus
872 1250 996 1353 Aletes,

163 1364 255 1433 Vicit
267 1364 393 1431 hiems=
411 1366 494 1431 laxis
506 1368 649 1433 laterum
665 1372 881 1459 compagibus
892 1396 1009 1445 omncs
1117 1391 1119 1398 '
1181 1395 1185 1403 '

162 1470 341 1554 Accipiunt
352 1469 528 1535 inimicum
540 1470 706 1555 imbrem,
717 1474 878 1558 rimisque
892 1478 1057 1550 fatiscunt.

207 1576 339 1639 Interea
356 1594 480 1661 magno
494 1575 627 1641 misceri
636 1598 809 1645 murmure
819 1592 978 1669 pontum,
1240 1580 1251 1621 ¹

162 1680 395 1761 Emissamque
406 1679 552 1743 hiemem
568 1682 669 1746 sensit
685 1686 871 1771 Neptunus,
888 1697 923 1753 et
935 1688 1013 1755 imis

164 1786 290 1869 Stagna
298 1782 411 1847 retusa
426 1782 536 1865 vadis,
550 1784 696 1870 graviter
710 1800 908 1871 commotus,
924 1803 956 1857 et
968 1796 1039 1859 alto

163 1888 390 1973 Prospiciens,
405 1909 534 1953 summa
545 1892 714 1975 placidum
726 1906 825 1981 caput
838 1900 955 1965 extulit
966 1904 1066 1967 unda.

163 1996 346 2065 Disiectam
363 2000 492 2061 itenere
511 2008 579 2061 toto
596 1999 686 2065 videt
702 2020 848 2084 aequore
864 2007 1018 2087 classem3
1070 2012 1128 2073 128

162 2102 337 2167 Fluctibus
350 2120 524 2185 oppressos
539 2104 641 2171 Troas
659 2106 809 2189 coelique
825 2094 934 2177 ruina.

113 2260 120 2269 .
163 2210 233 2269 Nec
245 2206 373 2281 latuere
384 2204 454 2268 doli
471 2204 608 2274 fratrem
625 2210 763 2276 Iunonis
778 2222 814 2277 ct
824 2213 904 2279 irae.

164 2316 295 2377 Eurum
304 2314 348 2375 ad
357 2332 391 2377 se
401 2314 657 2401 Zephyrumque
667 2324 784 2395 vocat3
799 2317 920 2383 dehinc
931 2320 1011 2384 talin
1023 2323 1129 2388 fatur:

164 2422 318 2513 Tantane
332 2439 391 2486 ros
401 2421 532 2509 generis
543 2421 649 2487 tenuit
660 2422 784 2488 fiducia
798 2425 923 2490 vestri?
982 2446 987 2459 ¹

162 2528 240 2589 lam
253 2528 385 2591 coelum
398 2535 592 2607 terramque
602 2546 678 2591 meo
688 2528 761 2593 sine
775 2528 930 2613 nurnine,
947 2528 1062 2615 Venti,

164 2634 323 2715 Miscere,
335 2643 368 2698 ct
385 2642 491 2697 taum
504 2633 631 2699 audetis
649 2635 767 2699 tollere
776 2638 905 2700 moles?

167 2744 261 2827 Quos
272 2760 345 2827 ego.
359 2741 425 2805 Sed
442 2744 548 2803 motos
561 2750 704 2823 praestat
720 2761 921 2823 componere
931 2744 1060 2809 fluctus·
1127 2745 1137 2765 ‘

167 2849 245 2911 Post
259 2844 345 2907 mihi
360 2865 430 2909 non
448 2844 551 2909 simili
566 2865 674 2927 poena
691 2845 865 2910 commissa
883 2846 989 2910 luetis.

166 2952 333 3015 Maturate
344 2947 482 3035 fugam,
493 2948 629 3035 regique
642 2952 726 3014 haec
745 2949 845 3014 dicite
857 2962 984 3016 vestro:

168 3059 246 3119 Non
259 3055 311 3119 illi
328 3054 509 3139 imperium
521 3055 634 3142 pelagi
649 3074 851 3137 saevumque
863 3055 1060 3140 tridentem,

165 3161 233 3223 Sed
245 3156 331 3222 mihi
344 3166 432 3223 sorte
446 3160 571 3220 datum.
589 3160 694 3221 Tenet
709 3156 767 3221 ille
780 3155 945 3221 immania.
956 3176 1052 3239 saxa,

166 3270 316 3348 Vestras,
333 3267 436 3347 Eure,
450 3266 586 3328 domos:
605 3262 664 3327 illa
677 3283 714 3327 se
726 3263 827 3326 iactet
839 3260 876 3325 in
890 3263 970 3325 cula

166 3372 306 3452 Aeolus,
321 3378 354 3434 et
368 3370 479 3433 clauso
492 3374 668 3432 ventorum
678 3384 809 3429 carcere
821 3374 948 3453 regnet.

165 3478 222 3543 Sic
236 3477 300 3559 ait,
319 3486 353 3541 et
367 3474 456 3539 dicto
471 3474 568 3539 citius
582 3473 710 3543 tumida
726 3492 871 3553 aequora
887 3472 1014 3556 placat3

166 3583 399 3661 collectasque
411 3578 505 3667 fuget
515 3580 636 3659 nubes,
653 3578 824 3657 solemque
836 3574 974 3641 reducit.
1087 3660 1090 3663 ἦ

167 3690 374 3772 Cymothoe,
392 3686 491 3753 simul
507 3696 539 3749 et
551 3685 668 3751 Triton
682 3682 838 3764 adnixus,
851 3690 948 3746 acuto

167 3796 361 3862 Detrudunt
373 3792 469 3859 navis
480 3796 638 3879 scopulop
654 3795 743 3864 levat
756 3789 828 3876 ipse
846 3788 995 3869 tridenti,
