2809 4817
398 392 857 547 ιιιιιιυοε.’ι
1039 476 1062 540 ‚

93 599 199 685 pueris
227 613 386 682 equestres
413 600 503 663 ludos
524 618 703 685 pugnaeque
728 600 919 665 simulacrum
938 600 1064 671 exhibet

93 696 213 775 νόος.
231 694 519 759 lurereaTroiauae
532 695 669 761 mulieres
681 697 807 759 hortatu
818 694 921 772 kion,
936 696 1061 779 longae·

92 806 157 869 que
181 790 385 871 navigationis
412 790 532 865 taedio,
555 790 653 872 ignem
673 790 707 851 in
725 790 853 855 classem
871 791 1059 869 coniiciunt,

93 898 291 988 quatuorque
308 900 401 944 naves
412 883 613 945 comburunrr
628 899 748 947 ceterae
764 883 864 945 subita
881 883 1061 949 aloveinr-

92 990 187 1036 narsae
198 974 456 1055 pluvrainceudro
467 992 538 1039 sunt
549 977 794 1083 ereptae-699
809 977 912 1041 Nocte
921 980 1061 1061 sequenti

1 1060 2 1069 ’
91 1067 267 1141 Anchises,
285 1070 412 1131 Aeneae
426 1067 507 1133 lilro
500 1089 530 1133 ιιι
546 1069 659 1133 somnis
673 1088 842 1155 apparens,
860 1070 945 1133 lovis
955 1072 1060 1137 verbis

91 1162 256 1237 admonet,
274 1178 329 1237 ut,
346 1164 465 1226 Naurac
487 1162 644 1227 consiliunt
671 1182 816 1239 secutus,
847 1164 1011 1229 mulieres
1002 1186 1060 1229 rus·

90 1240 248 1338 beliesque
262 1274 351 1321 senes
366 1258 397 1319 in
413 1257 512 1322 Sicilia
529 1259 730 1340 relinquat;¹
723 1277 788 1340 rpse
802 1276 873 1322 curn
889 1258 1060 1327 iuventutis

91 1351 209 1414 robore
227 1352 423 1434 integraeque
443 1354 551 1415 aetatis
568 1352 643 1413 tiore
666 1353 698 1414 in
713 1351 831 1415 ltaliam
848 1346 971 1435 naiiger
980 1375 992 1429 3
1007 1352 1060 1417 Si·

90 1444 256 1527 byllaeque
274 1444 409 1527 inprimis
431 1462 553 1517 antrum
580 1446 685 1509 adeat:
707 1445 785 1509 illius
808 1446 888 1507 eninr
909 1448 1003 1510 ductu
1025 1446 1059 1509 in

91 1552 219 1620 campos
234 1536 358 1617 Elysios
376 1556 440 1603 etse
458 1555 644 1615 venturum,
660 1540 713 1603 ubi
728 1556 761 1603 et
778 1541 966 1624 posteritatis
982 1556 1059 1603 suae

90 1629 202 1694 seriens
221 1630 418 1714 omniumque
435 1626 610 1695 instantinut
630 1632 776 1697 bellorum
792 1632 889 1697 ducat
907 1649 1056 1698 eventurn

93 1754 128 1771 ·-
139 1742 215 1799 740.
233 1724 361 1791 Munitis
378 1726 482 1808 iraque
501 1728 634 1809 paternis
654 1746 771 1790 morem
787 1746 897 1810 gerens
916 1728 1056 1805 Aeneas,

89 1816 240 1898 oppidum
254 1817 286 1879 in
308 1816 409 1881 Sicilia
430 1818 535 1881 condit
555 1820 678 1885 nomine
697 1821 858 1883 Acestam·
880 1840 921 1883 eo
942 1835 974 1883 et
990 1841 1057 1884 rna·

1 1914 2 1923 ’
88 1924 174 1971 trum
188 1908 584 1973 etsenuntbelloiuutiliunt
597 1912 749 1975 coloniam
758 1914 970 1975 nansscribit:
990 1917 1058 1999 ipse

89 2014 163 2061 cunt
181 2003 334 2064 auarus
347 2003 459 2065 robore
474 2003 592 2066 Italiam
614 2007 699 2098 petit
710 2006 829 2087 -778.
847 2007 972 2071 Interim
991 2010 1055 2073 Ne·

88 2108 222 2193 prunus,
244 2093 372 2157 Veneris
398 2095 541 2177 precibus
561 2109 724 2175 notatus,
747 2100 902 2183 naviganti
930 2101 1055 2165 Aeneae

1 2186 2 2247 Ϊ
90 2204 175 2249 mare
187 2202 287 2251 tutum
301 2189 559 2273 praestat-834.
574 2189 771 2266 taunumss
763 2212 794 2253 tn
808 2194 1055 2257 tantaseeurita-

1 2344 2 2349 γ
88 2290 243 2351 tcsomno
257 2278 546 2356 succumbens,‚una
557 2298 627 2345 eunt
638 2282 866 2365 gubernaculo
858 2304 890 2345 tn
904 2304 1051 2349 rnareex·
1060 2348 1066 2361 ,

1 2428 2 2457 ἢ
89 2372 227 2435 cutirurr
246 2374 373 2453 eiusque
385 2376 483 2437 vicem
501 2373 622 2455 supplet
640 2375 809 2438 Aeneas-
818 2379 913 2453 adsta.

1 2484 2 2487 ¹
127 2464 199 2528 iun.
213 2464 271 2529 vt.
300 2465 413 2528 Cumas
441 2466 589 2529 advectus
615 2466 752 2543 Aeneas,
778 2485 900 2531 autrum
924 2468 1054 2553 Sibyllae

89 2560 185 2639 petits
204 2576 392 2643 peractoque
411 2559 448 2623 de
465 2580 550 2625 more
563 2562 735 2639 -sacrificio‚
756 2562 870 2627 Phoebi
889 2568 1050 2632 oraculum

1 2698 2 2752 ι
90 2651 230 2719 consulit.
260 2652 306 2715 lbi
324 2669 355 2717 et
374 2654 517 2717 instantia
537 2654 688 2739 pericula,
704 2672 737 2719 et
755 2655 851 2721 futuri
869 2658 939 2723 belli
955 2680 1053 2723 eveu-

90 2762 154 2811 tuut
171 2748 257 2811 discit
272 2769 284 2809 r
300 2748 417 2811 -t6o.
438 2750 549 2811 Miseni
570 2750 733 2817 cadaver
724 2770 757 2813 tn
781 2749 901 2816 litore
892 2768 1051 2817 tuventuur
1140 2745 1154 2769 ⁸

91 2842 261 2918 comburit,
281 2842 496 2925 reliquiasque
502 2843 559 2905 sub
575 2844 716 2926 proximo
729 2861 837 2907 monte
850 2844 976 2925 sepelit,
997 2846 1051 2928 qui
1159 2920 1166 2939 ,

91 2924 201 2999 Miseni
216 2956 330 2999 nomen
347 2937 391 2999 ab
401 2937 452 2999 illo
468 2936 600 3000 obtinuit
615 2968 650 2985 «-
663 2955 730 3018 235·
751 2935 826 2999 Inde
837 2936 1048 3000 columbarum

92 3031 184 3095 duem
200 3031 239 3092 ad
253 3046 381 3095 aureum
402 3050 517 3094 ramum
532 3030 694 3114 pervenit.
713 3049 777 3111 quo
796 3030 962 3113 decerpto,
982 3048 1050 3092 rna·

91 3128 240 3211 statisque
257 3127 367 3193 hostiis
389 3126 477 3190 Deos
496 3126 612 3191 inferos
629 3144 813 3201 veneratus,
838 3125 952 3207 Sibylla
970 3127 1049 3193 duce

92 3239 145 3303 per
162 3222 281 3285 Averni
294 3220 404 3284 fauces'
415 3222 455 3285 aul
472 3220 587 3285 inieros
607 3222 703 3284 rendit
715 3253 757 3271 -
769 3221 838 3303 33⁶·
857 3220 1048 3298 Palinurum,
1064 3253 1066 3258 ⁴

92 3314 172 3396 quod
189 3314 322 3398 sepulcri
340 3315 460 3379 honore
485 3332 621 3390 careret,
646 3316 727 3379 circa
748 3314 885 3397 Stygiam
908 3314 1047 3398 paludem
1102 3334 1106 3342 ’

89 3408 281 3471 oberrantem
304 3410 440 3485 invenit,
462 3428 593 3490 eumque
616 3428 676 3472 una
699 3408 730 3471 in
749 3408 924 3473 ulteriorem
951 3410 1047 3492 ripam

91 3500 225 3575 traiicere
243 3502 419 3585 cupientem
439 3501 552 3583 Sibylla
572 3503 734 3586 prohibet,
764 3501 996 3585 ceuo'raphiique
1016 3518 1047 3565 er

92 3595 299 3677 exsequiarum
317 3612 370 3677 spe
396 3595 571 3658 consoletur
586 3626 628 3645 -··
642 3594 709 3679 383.
734 3595 806 3659 Post
826 3595 901 3659 haec
921 3593 1047 3678 Stygem

91 3688 230 3753 traiectus
260 3690 404 3765 Aeneas,
430 3689 629 3775 Cerberoque
651 3690 900 3754 medicatisoffis‘
924 3690 1045 3774 sopito,

91 3796 143 3863 per
152 3780 215 3847 loca
228 3779 409 3855 infantium,
428 3799 613 3867 eorumque,
627 3784 680 3867 qui
692 3781 770 3846 falso
783 3782 907 3847 crimine
919 3784 1045 3845 damna·
1090 3797 1092 3818 ¹

93 3875 222 3961 sicapite
235 3873 418 3961 supplicium
433 3876 567 3954 luerunt,
583 3878 641 3941 iter
648 3876 781 3953 ludens,
791 3876 931 3961 pervenit
941 3874 979 3937 ad
992 3891 1047 3938 se·
