2809 4817
336 376 395 447 234
639 364 991 429 AENEIDOS
1133 382 1249 440 v.4or.

334 512 472 592 Inferet,
490 516 524 572 et
536 510 713 591 pulchram
725 516 880 589 properet
888 526 950 589 per
959 506 1098 568 volnera
1110 507 1272 571 mortem?

336 616 593 680 Ociusadducto
612 627 768 694 torquens
781 611 900 675 hastile
913 613 1055 689 lacerto,
1117 596 1119 602 ¹

335 718 522 801 suspiciens
533 720 634 780 altam
650 719 796 797 Lunam,
811 716 860 779 aie
871 734 953 777 voce
964 704 1136 800 precatur:

335 826 385 887 Tu
396 868 409 905 ,
419 825 506 903 Dea,
522 832 556 883 tu
570 842 726 905 praesens
742 830 856 909 nostro
867 840 1020 883 succurre
1035 817 1163 907 labori,

334 930 507 993 Astrorum
525 930 642 1010 decus,
655 939 688 992 et
702 948 879 992 nemorum
891 926 1031 989 latonia
1042 936 1169 1002 eustos3

335 1032 370 1097 Si
387 1054 453 1114 qua
468 1033 531 1095 tuis
547 1052 694 1115 unquam
708 1054 771 1116 pro
782 1054 837 1095 me
851 1041 945 1115 pater
957 1034 1123 1112 Hyrtacus
1133 1027 1202 1091 aria

335 1136 433 1197 Dona
449 1134 578 1214 tulit,si
592 1154 658 1215 qua
676 1135 749 1218 ipse
765 1133 848 1197 meis
863 1135 1036 1195 venatibus
1055 1130 1151 1212 auxi,

332 1222 540 1324 'suspendive
562 1244 670 1321 tholo,
687 1251 744 1303 aut
755 1261 847 1303 sacra
858 1242 902 1303 ad
912 1239 1042 1324 fastigia
1054 1236 1129 1300 fixi:

336 1348 435 1409 Hunc
450 1346 521 1409 sine
535 1348 735 1409 meturbare
744 1346 899 1429 globum,
914 1355 947 1407 et
957 1364 1037 1431 rege
1050 1346 1294 1427 telaperauns.

337 1448 487 1532 Dixerat:
511 1460 544 1511 et
555 1459 623 1511 toto
638 1448 800 1512 connixus
810 1468 955 1533 corpore
968 1448 1096 1511 ferrum

337 1551 492 1619 Coniicit.
508 1554 609 1617 Hasta
622 1553 739 1613 volans
752 1549 858 1611 noctis
875 1548 1061 1613 diverberat
1076 1551 1234 1629 umbras,

253 1648 258 1661 ’
337 1659 379 1719 Et
393 1656 484 1719 venit
500 1656 605 1717 aversi
619 1654 654 1715 in
669 1664 798 1741 tergum
812 1654 997 1736 Sulmonis,
1010 1653 1125 1733 ibique

339 1761 534 1846 Frangitur,
554 1780 592 1822 ac
610 1757 685 1822 fisso
706 1758 821 1821 transit
839 1760 1032 1841 praecordia
1051 1758 1157 1844 ligno.

338 1866 494 1933 Volvitur
504 1865 562 1929 ille
576 1886 713 1929 vomens
726 1862 871 1928 calidum
883 1867 926 1928 de
942 1875 1073 1948 pectore
1085 1868 1216 1927 flumen

338 1972 507 2059 Frigidus,
522 1982 554 2035 et
566 1971 673 2057 longis
688 1971 888 2061 aingultibua
903 1971 1100 2057 impulsat.

338 2075 471 2141 Diversi
491 2074 769 2159 circumspiciunt.
787 2063 981 2139 Hocacrior
997 2076 1088 2145 idem
1241 2075 1296 2149 μᾶ

339 2182 424 2243 Ecce
437 2169 529 2241 aliud
540 2198 676 2242 summa·
685 2179 787 2239 telum
805 2175 948 2240 librabat
962 2180 1006 2239 ab
1024 2197 1118 2254 aure3

340 2288 431 2349 Dum
442 2283 621 2366 trepidant,
636 2280 674 2345 iit
683 2284 776 2345 hasta
786 2284 882 2368 Tago
888 2297 950 2364 per
962 2292 1091 2363 tempus
1104 2291 1282 2361 utrumque

340 2388 500 2470 Stridens,
520 2387 721 2467 traiectoque
729 2384 833 2449 baeeit
851 2387 1013 2469 tepefacta
1026 2390 1176 2451 cerebro.

340 2492 450 2557 Saevit
467 2500 561 2555 atrox
573 2492 748 2572 Volcccns,
771 2512 833 2555 nec
847 2490 904 2554 teli
917 2492 1078 2575 conspicit
1096 2514 1236 2574 usquam

340 2602 533 2677 Auctorem,
552 2615 617 2661 nec
627 2616 695 2677 quo
709 2617 744 2661 se
757 2600 877 2664 arrlens
889 2597 1068 2663 immittere
1080 2599 1196 2683 possit.

341 2702 392 2761 Tu
411 2708 521 2761 tamen
538 2696 666 2769 interea
680 2700 791 2764 calido
807 2701 892 2780 mibi
905 2702 1066 2788 sanguine
1082 2722 1210 2785 poenas

342 2804 512 2867 Persolves
528 2808 721 2885 amborum,
736 2805 864 2885 inquit:
885 2806 985 2869 simul
996 2828 1073 2871 ense
1086 2810 1219 2886 recluso

341 2914 415 2975 Ibat
431 2910 467 2975 in
481 2915 676 2995 Euryalum.
695 2915 783 2975 Tum
792 2934 873 2976 vero
882 2914 1070 2997 exterritus,
1085 2936 1229 2996 ameno,

342 3018 535 3081 Conclamat
549 3018 664 3095 Nisus,
685 3038 748 3081 nec
762 3039 798 3081 se
813 3020 922 3083 celare
938 3018 1084 3081 tenebris

341 3122 510 3204 Amplius,
528 3131 725 3210 auttantum
738 3123 848 3205 potuit
862 3124 1011 3205 perferre
1023 3125 1200 3186 dolorem:

342 3230 412 3308 Mc,
425 3226 725 3311 me,(adaum,qui
735 3227 953 3312 seci,)inme
964 3228 1145 3299 convertite
1154 3230 1290 3306 ferrum,

308 3355 312 3365 ⁴
344 3332 616 3409 Ollululilmea
631 3332 721 3395 fraus
733 3333 857 3412 omnim
875 3334 961 3399 nibil
971 3337 1033 3398 iste
1043 3358 1107 3399 nec
1120 3347 1234 3420 ausus,
1270 3378 1280 3390 κ
1379 3337 1380 3340 '

342 3437 373 3497 N
375 3456 411 3497 ee
422 3433 545 3517 potuit:
563 3438 693 3502 coelum
703 3438 768 3523 bpe
781 3447 813 3499 et
827 3438 958 3503 conscia
972 3440 1081 3503 sidera
1093 3452 1203 3505 testor.
1255 3492 1259 3499 .

343 3540 489 3601 Tantum
497 3539 667 3603 ¹infelicem
686 3540 830 3605 nimium
842 3542 957 3613 dilexit
974 3546 1128 3610 amicum.

344 3642 439 3727 Talia
451 3644 543 3715 dicta¹
553 3646 668 3723 dabat,
686 3649 745 3709 sed
759 3648 886 3721 viribus
897 3650 985 3716 ensis
997 3654 1133 3732 adactus

180 3743 185 3753 '
254 3776 281 3789 --·
346 3746 538 3823 Transabiit
551 3758 673 3832 costas,
693 3761 727 3815 et
740 3753 884 3825 candida
895 3766 1029 3839 pectora
1043 3758 1198 3843 rumpit..

1379 3787 1381 3870 l
