2809 4817
176 440 177 445 ,
290 370 795 494 'L,IBERV.V.46;6.
881 423 886 432 ·
988 411 1047 477 129

98 523 162 591 Nou
175 518 261 591 vites
275 518 372 610 alias,
393 542 619 611 conversaque
634 532 775 595 numina
787 534 911 601 sentis?

97 639 172 699 Cede
180 638 263 699 Deo.
280 634 456 731 Dixitque,
469 645 503 699 et
517 636 646 719 proelia
657 657 740 702 voce
757 638 900 705 diremit.

96 742 248 807 Astillnm
257 740 316 805 fidi
329 744 501 827 aequales,
520 763 629 831 genua
643 764 743 835 aegra
759 750 961 835 trahentem,

97 846 332 929 laetantemque
346 858 488 937 utroque
499 858 612 933 caput,
635 871 848 934 cmssumque
861 875 1016 923 cruorem

99 954 154 1016 Ore
168 954 382 1035 eiectantem,
396 946 579 1036 mixtosque
593 954 630 1017 iu
644 955 808 1045 sanguine
824 955 956 1046 dentes,

97 1060 217 1123 Ducunt
229 1062 274 1123 a'd
288 1059 398 1137 navis3
414 1060 610 1146 galeamque
623 1074 803 1146 ensemque
817 1068 927 1131 vocati
1016 1048 1021 1053 ⁸

99 1162 434 1247 Accipiuntz‘palmam
445 1166 575 1229 Entello
590 1176 790 1251 taurumque
801 1170 1006 1253 relinquunt
1084 1225 1087 1230 .

98 1264 151 1331 llic
163 1267 284 1348 victor,
298 1282 458 1351 superans
473 1266 607 1353 animis,
625 1278 788 1353 tauroqoe
801 1277 982 1355 superbusa

99 1363 167 1435 Nate
175 1373 259 1457 Dea,
271 1392 396 1455 vosque
403 1374 485 1441 haec
493 1412 503 1457 ,
512 1373 635 1457 inquit,
648 1376 853 1461 cognoscite,
864 1379 999 1463 Teucri,

100 1478 222 1543 Etmihi
236 1500 321 1563 quae
335 1480 461 1544 fuerint
473 1480 622 1544 iuvenali
633 1480 671 1543 in
685 1500 826 1564 corpore
838 1483 943 1567 vires,
992 1550 1004 1571 ,

100 1584 132 1649 Et
144 1590 207 1668 qua‘
218 1587 355 1651 servetis
365 1596 555 1667 revocatum
571 1604 591 1647 a
608 1595 715 1651 morte
732 1588 866 1651 Dareta,

101 1686 191 1770 Dixit,
208 1699 242 1752 et
255 1688 386 1753 adversi
401 1697 515 1753 contra
533 1688 621 1751 stetit
637 1708 696 1753 ora
711 1688 861 1771 invenci,

101 1794 156 1877 Qui
172 1796 297 1857 donum
317 1796 467 1859 adstabat
478 1810 629 1881 pugnam
646 1796 814 1877 durosque
827 1799 964 1862 reducta

101 1898 232 1965 Libravit
243 1903 360 1965 dextra
373 1900 483 1965 media
497 1901 585 1965 inter
598 1920 723 1965 cornua
736 1913 842 1967 cestus

101 2006 231 2090 Arduus,
244 2001 447 2087 effractoque
457 2006 550 2070 illisit
561 2006 601 2069 in
615 2024 688 2070 ossa
703 2008 851 2071 cerebrm
987 2008 1048 2088 486

100 2108 262 2195 Sternitur,
275 2110 502 2195 mammisque
514 2121 657 2175 tremens
666 2113 857 2195 procumbit
865 2112 1037 2179 huniam.

99 2210 259 2300 illesuper
271 2217 345 2280 talis
364 2213 505 2281 effundit
515 2226 773 2299 pectorevocesa

102 2316 1025 2414 Hauctibi,hymmelioremanimampromortellaratis

102 2421 255 2491 Persolvo:
268 2420 324 2491 hic
337 2428 444 2490 uictor
455 2436 561 2491 cestus
576 2435 747 2506 artemque
762 2444 901 2509 repono·

133 2532 285 2597 Protenus
294 2536 421 2597 Aeneas
433 2532 532 2597 celeri
545 2540 670 2595 certare
683 2530 805 2615 sagitta

102 2626 222 2716 Invitat,
236 2635 295 2715 qui
309 2636 394 2701 forte
404 2636 523 2717 velint,
540 2643 573 2697 et
585 2631 734 2716 praemis
746 2630 861 2714 punita
934 2674 942 2682 -

101 2732 282 2821 Ingentique
293 2758 396 2805 manu
409 2740 535 2823 malatm
550 2740 591 2801 de
604 2758 689 2803 nave
699 2736 821 2806 seretti
899 2804 902 2808 .

101 2838 204 2932 Eugiq
218 2858 252 2910 et
262 2847 432 2911 volucrem
444 2844 579 2909 traiecto
592 2843 628 2911 in
641 2843 722 2913 tuus
740 2844 945 2927 columbam,

104 2950 167 3031 Quo
181 2952 316 3015 tendant
332 2952 475 3033 lenum,
486 2952 576 3015 malo
590 2942 762 3032 suspendit
774 2950 818 3015 ab
830 2940 908 3015 alto.
959 2949 962 2970 ¹

104 3054 279 3120 Convenere
290 3047 609 3140 uiri,tleiectamque
621 3072 720 3119 aerea
730 3065 854 3121 sortem
880 3090 886 3108 x

103 3158 220 3244 Accepit
234 3166 349 3249 galea3
364 3173 397 3227 et
408 3162 537 3247 primus
548 3166 692 3226 clamore
706 3164 854 3226 secundo

102 3263 292 3347 Hyrtacidae
306 3281 382 3339 ante
395 3268 505 3335 omnis
518 3270 585 3334 exit
597 3268 689 3333 locus
700 3268 941 3352 Hippocoontis
955 3292 964 3334 a
1034 3282 1038 3292 '

104 3370 195 3453 Quem
210 3375 631 3439 modonavalillluestlieus
647 3373 825 3440 certamine
835 3372 942 3440 vietor
978 3423 983 3451 2

103 3473 321 3559 Consequitur,
332 3477 435 3543 viridi
446 3473 636 3557 Mnestheus
651 3474 801 3547 evinctus
812 3473 911 3564 oliua-
968 3467 969 3470 '
1002 3537 1006 3548 ,

102 3573 216 3647 Tertius
227 3581 411 3665 Eurytion,
426 3592 519 3664 tuus,
529 3602 551 3645 o
565 3579 762 3663 clarissime,
771 3582 892 3665 frater,

104 3681 258 3771 Pandare,
273 3689 334 3770 qui
348 3691 532 3771 quondam,
544 3688 650 3753 iussus
663 3688 867 3757 confundere
880 3689 1012 3776 locam,

102 3784 134 3850 Iu
143 3793 270 3858 medios
283 3796 388 3861 telum
404 3795 526 3863 torsisti
538 3794 665 3881 primus
674 3794 829 3863 achivos.

102 3920 107 3947 ι
146 3890 227 3965 Vergil.
250 3894 308 3951 Vol.
328 3897 361 3969 11,
399 3927 408 3935 ·
539 3904 542 3913 ¹
754 3932 757 3940 “
796 3914 814 3967 9
