2809 4817
369 380 427 429 ma
665 354 1018 423 AENEIDOS
1164 373 1286 436 uana.

367 502 515 589 Impulit.
534 502 596 565 llla
612 500 698 563 Noto
712 498 810 565 eitius
824 496 1021 578 volucrique
1030 494 1151 584 sagitta

365 616 419 681 Ad
436 624 555 679 terram
571 608 669 697 fugit,
690 617 723 675 et
736 618 836 691 portu
850 605 1133 703 secondiditalto.

366 720 454 781 Tum
464 725 552 779 satus
560 713 717 793 Anchisa,
733 710 860 775 cunetis
870 732 915 777 ex
928 729 1020 772 more
1033 710 1173 792 vocatis,

366 817 536 882 Victorem
551 834 671 899 magna
684 813 858 897 praeconis
872 832 955 877 voce
969 814 1172 883 Cloanthum

367 922 537 1001 Declarat,
554 918 719 997 viridique
736 918 869 981 advelat
885 925 1035 999 tempora
1050 917 1166 994 lauro3

367 1028 574 1107 Muneraque
586 1025 623 1087 in
642 1024 737 1089 navis
750 1033 860 1087 ternos
872 1034 988 1105 optare
998 1021 1157 1088 iuveneas

367 1126 541 1211 Vinaque,
558 1135 590 1191 et
599 1125 732 1217 argenti
746 1145 907 1213 maguum
917 1127 973 1188 dat
984 1125 1071 1191 ferre
1086 1126 1260 1191 talentum.

315 1244 318 1253 ’
366 1234 452 1318 Ipsis
466 1232 660 1317 praecipuos
673 1233 865 1297 duetoribus
878 1230 971 1295 addit
984 1232 1128 1295 honores
1139 1250 1154 1316 :¹

368 1337 499 1405 Victori
511 1338 724 1418 chlamydem
740 1343 908 1414 auratam,
925 1353 1027 1413 quam
1041 1334 1188 1416 plurima
1200 1335 1319 1403 meum
1375 1327 1376 1368 l

305 1498 308 1507 ,
369 1446 520 1525 Purpura
532 1443 714 1509 Maeandro
730 1437 858 1521 duplici
870 1438 1036 1501 Meliboea
1046 1439 1212 1519 cuottrrit3
1263 1497 1268 1503 .

370 1542 581 1625 Intextusque
596 1565 679 1627 puer
692 1544 847 1607 frondosa
862 1542 1043 1631 regiuslda

369 1652 502 1719 Veloois
512 1652 621 1721 iaculo
641 1674 755 1717 cervos
774 1673 936 1733 cursuque
954 1651 1069 1737 fatigat

371 1760 469 1839 Acer,
483 1758 652 1826 anhelanti
664 1757 911 1839 sitnilis,quem
922 1777 1061 1841 praepes
1074 1759 1116 1821 ab
1131 1760 1191 1825 Ida

372 1864 556 1931 Sublimem
571 1864 711 1948 pedibus
726 1864 837 1949 rapuit
850 1862 938 1935 Iovis
954 1864 1098 1950 armiger
1112 1864 1218 1931 uncis.

372 1968 541 2056 Longaevi
557 1972 682 2053 palmas
695 1968 922 2051 nequidquam
934 1969 979 2035 ad
992 1967 1101 2067 sidera
1111 1971 1252 2037 tendunt

373 2070 548 2153 Custodes,
563 2072 731 2155 saevitque
749 2092 871 2139 canum
886 2074 1022 2136 latratus
1037 2071 1074 2147 in
1088 2090 1194 2137 auras.
1269 2072 1320 2153 ²⁵7

373 2160 492 2259 Atqui
510 2174 628 2239 deinde
641 2177 754 2241 locum
768 2174 873 2239 tenuit
884 2174 1005 2237 virtute
1023 2178 1223 2259 secundum,

373 2277 538 2343 Laevibus
553 2280 634 2345 huia
647 2280 753 2345 hamis
766 2290 952 2347 consertam
964 2298 1112 2361 auroque
1131 2282 1269 2349 trilicem

374 2380 544 2465 Loricam,
557 2403 657 2464 quam
667 2385 828 2450 Demoleo
843 2386 1025 2450 detraxerat
1038 2383 1111 2466 ipse

374 2486 490 2552 Victor
505 2489 595 2570 apud
608 2487 764 2569 rapidum
780 2488 949 2551 Simoenta
961 2489 1022 2551 sub
1033 2488 1097 2551 Ilio
1114 2491 1203 2572 alto,

375 2592 487 2653 Donat
499 2593 620 2653 habere
634 2589 725 2669 viro,
739 2589 837 2653 decus
856 2598 888 2650 et
902 2596 1049 2653 tutamen
1061 2588 1098 2653 in
1113 2587 1224 2657 armis.

375 2693 443 2758 Vix
454 2692 548 2756 illam
564 2692 680 2759 famuli
698 2695 846 2778 Phegeus
859 2693 1055 2779 Sagarisque
1068 2692 1219 2761 ferebant
1323 2710 1327 2718 '

275 2786 278 2791 ¹
376 2796 597 2887 Multiplicem
608 2842 617 2879 ,
628 2797 763 2861 connixi
776 2798 940 2861 humeris:
961 2798 1095 2865 indutus
1107 2810 1141 2863 at
1152 2778 1239 2871 olim

377 2906 552 2969 Demoleos
567 2924 662 2967 cursu
675 2887 816 2987 palantis
830 2906 933 2966 Troas
950 2908 1079 2991 agebat.
1119 2927 1136 2951 v

377 3010 490 3079 Tertia
508 3012 595 3086 dona
608 3010 687 3075 facit
697 3011 845 3100 geminos
857 3032 898 3077 ex
913 3032 987 3076 aere
1003 3015 1139 3095 lebetam

379 3111 588 3197 cymbiaque
601 3130 637 3177 ar
661 3122 738 3177 ento
754 3113 897 3197 perlecta
911 3125 1010 3197 atque
1024 3137 1140 3200 aspera
1152 3118 1261 3207 signis.

379 3218 516 3299 Iamque
527 3202 611 3283 adeb
645 3216 879 3303 mariannes,
891 3219 1075 3307 opibusque
1087 3224 1240 3309 superbi,

380 3326 637 3395 Punieeis‘ibartt
653 3326 775 3393 evincti
787 3336 937 3413 tempora
949 3324 1070 3397 taenisa

381 3435 467 3496 Cum
475 3452 573 3499 saevo
585 3454 605 3498 e
619 3434 756 3517 scopulo
766 3437 871 3499 multa
886 3433 943 3500 rix
953 3446 1023 3503 arte
1035 3440 1198 3525 revolsus,

295 3622 297 3628 ι
381 3535 643 3620 lassaretur,
660 3548 760 3619 atque
772 3539 891 3605 ordine
906 3542 1025 3608 debilis
1039 3565 1125 3628 uno,

381 3635 515 3721 Irrisam
524 3645 593 3711 sine
604 3628 731 3715 bonore
744 3658 848 3714 ratem
862 3654 1027 3739 Sergestus
1040 3658 1168 3743 agebat.

381 3746 498 3835 Qualis
510 3770 608 3839 saepe
618 3752 693 3821 viae
706 3743 884 3881 deprensus
897 3758 935 3823 in
948 3777 1067 3851 aggere
1078 3781 1229 3848 serpens,
