2809 4817
360 368 565 434 maun
604 368 660 429 11.
699 365 829 431 neno.
1035 368 1075 452 ⁵9

34 520 36 571 l
120 516 315 599 Insequitur,
326 514 541 597 iamiamque
552 534 652 579 manu
667 521 769 596 tenet,
789 519 823 576 et
837 511 960 596 premit
971 512 1075 577 basta·

34 694 35 699 ἵ
121 626 161 685 Ut
173 624 299 685 andem
309 628 387 683 ante
398 623 513 683 oculos
526 618 628 683 evasit
638 630 670 683 et
683 639 743 682 ora
757 620 952 703 parentum3

34 736 36 813 ζ
122 726 278 809 Concidit,
291 744 330 789 ac
343 727 452 789 multo
463 725 566 788 vitam
586 744 661 789 cum
678 724 842 811 sanguine
855 723 952 788 ludit.

121 824 181 895 llic
190 831 564 912 Priamus‚quamquam
574 827 609 891 in
618 828 730 891 media
740 828 923 893 iammorte
932 834 1072 911 tenetur,

34 925 36 1001 ἶ
122 940 306 999 Nontamen
315 935 489 1017 abstinuit,
500 955 560 998 nec
570 934 645 998 voci
654 934 789 1015 iraeque
798 932 959 1018 pepercit.

122 1047 159 1107 At
172 1044 226 1107 tibi
238 1064 301 1127 pro
313 1043 450 1124 scelere,
462 1043 641 1123 exclamat,
658 1061 720 1124 pro
732 1040 851 1105 talibus
860 1039 962 1123 ausis,

34 1168 35 1173 ¹
123 1145 179 1232 Di,
192 1150 218 1212 si
228 1152 293 1230 quir
305 1158 354 1213 est
363 1148 455 1211 coelo
468 1146 589 1231 pietas,
603 1166 688 1228 quae
701 1146 778 1209 talia
793 1156 900 1229 curet,

33 1260 34 1329 g
124 1255 422 1339 Persoluantgrates
434 1251 566 1337 dignas,
584 1261 615 1313 et
629 1250 777 1335 praemia
792 1254 934 1315 reddant

125 1356 250 1420 Debita:
268 1356 328 1437 qui
339 1356 410 1417 nati
424 1374 535 1418 coram
550 1376 604 1417 me
624 1376 758 1418 eernere
769 1357 874 1419 letum

126 1459 245 1543 Fecisti,
262 1468 295 1523 et
310 1458 436 1541 patrios
455 1458 594 1522 foedasti
612 1458 729 1522 funere
747 1459 866 1522 voltus.

33 1570 34 1595 ¹
102 1650 104 1653 Ι
126 1566 234 1628 Atnon
247 1563 321 1645 ille,
337 1562 527 1644 satum‘quo
547 1574 578 1627 te
598 1564 764 1647 mentiris,
784 1564 932 1629 Achilles

33 1738 34 1743 γ
126 1670 248 1733 Talisin
258 1672 352 1733 hoste
362 1669 426 1731 fuit
440 1669 590 1748 Ptiam03
607 1673 666 1733 sed
680 1669 755 1731 iura
766 1662 934 1750 iidemque

127 1772 277 1856 supplicis
289 1771 439 1855 erubuit,
457 1792 641 1855 corpusque
652 1794 817 1860 exsangue
828 1774 982 1855 sepulcro

128 1877 271 1942 Reddidit
281 1882 500 1961 Hectoreum,
517 1900 636 1961 meque
651 1878 687 1941 in
705 1897 780 1941 mea
794 1898 899 1965 regna
912 1875 1048 1941 remisit.

129 1985 174 2049 Sic
189 1987 270 2050 fatus
282 1987 413 2069 senior,
429 1989 596 2067 telumque
610 1986 747 2049 imbelle
757 1985 828 2049 sine
837 1985 905 2049 ictu

115 2084 281 2157 ¹Coniecit:
302 2112 404 2156 rauco
417 2094 509 2174 quod
520 2092 670 2176 protinus
687 2113 764 2155 aere
782 2094 968 2176 repulsum,
1022 2091 1080 2169 545

130 2198 164 2260 Et
180 2221 305 2263 summo
322 2199 422 2283 clipei
438 2198 665 2281 nequidquam
682 2199 830 2262 umbone
841 2198 1009 2281 pependit.
1120 2208 1125 2217 '

32 2296 33 2303 '
132 2299 352 2382 Cui'Pyrrhus:
371 2298 506 2363 Referes
517 2299 701 2387 ergohaec,
719 2308 752 2361 et
768 2297 904 2365 nuntius
916 2298 981 2362 ibis

131 2406 251 2469 Pelidae
266 2404 420 2493 genitori.
439 2404 494 2468 llli
511 2426 585 2469 mea
604 2403 708 2467 tristia
724 2404 827 2485 t'acta,
864 2431 867 2438 ·

132 2509 389 2597 Degeneremque
401 2511 655 2595 Neoptolemum
670 2526 806 2572 narrare
824 2514 1001 2571 memento.

133 2616 216 2679 Nunc
226 2638 364 2681 morere.
377 2619 450 2679 Hoc
460 2617 588 2698 dicens,
605 2616 723 2682 altaria
731 2616 776 2679 ad
785 2612 856 2697 ipsa
867 2620 1063 2687 trementem

32 2732 34 2741 ⁴
133 2723 234 2787 Traxit
243 2738 274 2790 et
287 2727 323 2788 in
336 2728 442 2789 multo
453 2729 636 2810 lapsantem
648 2725 811 2813 sanguine
823 2724 910 2807 nati,

133 2828 352 2915 implicuitque
364 2850 495 2895 comam
512 2833 620 2909 laeva3
635 2832 819 2910 dextraque
829 2847 1004 2893 coruscum

135 2932 259 3017 Extulit,
280 2956 317 2997 ac
332 2934 428 2997 lateri
440 2936 559 3018 capulo'
571 2945 666 3001 tenus
680 2932 824 3015 abdidit,
840 2951 963 2996 ensem.

135 3039 214 3103 Haeo
227 3040 299 3105 finis
311 3040 435 3105 Priami
449 3042 607 3106 latorum:
622 3026 682 3104 bic'
688 3040 795 3104 exitus
810 3039 908 3105 illum

137 3145 217 3208 Sorte
229 3146 300 3211 tulit
307 3145 464 3230 ,Troiam
475 3147 703 3229 incensam,et
717 3147 871 3230 prolapsa
880 3145 1049 3212 videntem
1101 3129 1108 3141 ⁶

137 3254 280 3341 Pergama
291 3279 300 3337 3
311 3267 359 3321 tot
369 3257 538 3338 quondam
549 3254 682 3338 populis
692 3252 852 3334 terrisque
863 3253 1043 3337 superbum

47 3428 50 3433 ¹
136 3358 342 3446 Regnatorem
357 3360 461 3423 Asiae.
477 3360 564 3422 Iacet
581 3359 698 3444 ingens
714 3356 812 3445 litore
828 3366 981 3438 truncus,

136 3462 346 3547 avolsumque
356 3462 502 3527 humeris
512 3470 628 3545 caput,
643 3472 674 3525 et
682 3461 753 3525 sine
764 3456 901 3523 nomine
915 3476 1046 3541 corpus.

171 3574 208 3632 At
216 3595 267 3637 me
281 3583 352 3636 tum
363 3572 510 3656 primum
524 3568 641 3635 'sae‘vus
648 3563 861 3632 circumstetit
868 3568 999 3629 horror.

54 3686 58 3695 '
139 3675 309 3763 Obstupui:
324 3679 426 3746 subiit
438 3679 505 3742 cari
523 3675 682 3764 genitoris
697 3675 825 3759 imago,

140 3778 291 3874 Utregem
305 3804 511 3867 aequaevum
526 3778 653 3849 crudeli
663 3782 800 3845 vobrere
815 3774 887 3843 ridi

1121 3011 1127 3046 l
