<?xml version="1.0" encoding="UTF-8"?>
<!DOCTYPE html PUBLIC "-//W3C//DTD XHTML 1.0 Transitional//EN"
    "http://www.w3.org/TR/xhtml1/DTD/xhtml1-transitional.dtd">
<html xmlns="http://www.w3.org/1999/xhtml" xml:lang="en" lang="en">
 <head>
  <title>
</title>
<meta http-equiv="Content-Type" content="text/html;charset=utf-8" />
  <meta name='ocr-system' content='tesseract 3.04.00' />
  <meta name='ocr-capabilities' content='ocr_page ocr_carea ocr_par ocr_line ocrx_word'/>
</head>
<body>
  <div class='ocr_page' id='page_1' title='image "./pvirgiliimaroni00clasgoog/pvirgiliimaroni00clasgoog_0129.png"; bbox 0 0 2809 4817; ppageno 0'>
   <div class='ocr_carea' id='block_1_1' title="bbox 288 312 1050 452">
    <p class='ocr_par' dir='ltr' id='par_1_1' title="bbox 288 312 1050 452">
     <span class='ocr_line' id='line_1_1' title="bbox 288 312 1050 452; baseline 0.005 -23"><span class='ocrx_word' id='word_1_1' title='bbox 288 360 785 431; x_wconf 9' lang='lat' dir='ltr'>*irruamus</span> <span class='ocrx_word' id='word_1_2' title='bbox 892 312 896 324; x_wconf 45' lang='lat'><strong>⁴</strong></span> <span class='ocrx_word' id='word_1_3' title='bbox 993 383 1050 452; x_wconf 71' lang='grc' dir='ltr'>ιη</span> 
     </span>
    </p>
   </div>
   <div class='ocr_carea' id='block_1_2' title="bbox 35 506 1053 3869">
    <p class='ocr_par' dir='ltr' id='par_1_2' title="bbox 94 506 959 603">
     <span class='ocr_line' id='line_1_2' title="bbox 94 506 959 603; baseline 0.001 -33"><span class='ocrx_word' id='word_1_4' title='bbox 94 516 218 597; x_wconf 71' lang='lat' dir='ltr'>Septem</span> <span class='ocrx_word' id='word_1_5' title='bbox 233 506 351 595; x_wconf 85' lang='lat' dir='ltr'>ingens</span> <span class='ocrx_word' id='word_1_6' title='bbox 363 516 481 603; x_wconf 70' lang='lat' dir='ltr'>gyros,</span> <span class='ocrx_word' id='word_1_7' title='bbox 493 508 627 589; x_wconf 86' lang='lat' dir='ltr'>septena</span> <span class='ocrx_word' id='word_1_8' title='bbox 641 506 812 569; x_wconf 86' lang='lat' dir='ltr'>volumina</span> <span class='ocrx_word' id='word_1_9' title='bbox 822 552 832 589; x_wconf 84' lang='lat'>,</span> <span class='ocrx_word' id='word_1_10' title='bbox 842 506 959 592; x_wconf 81' lang='lat' dir='ltr'>traxit,</span> 
     </span>
    </p>

    <p class='ocr_par' dir='ltr' id='par_1_3' title="bbox 96 614 966 705">
     <span class='ocr_line' id='line_1_3' title="bbox 96 614 966 705; baseline -0.008 -20"><span class='ocrx_word' id='word_1_11' title='bbox 96 622 265 705; x_wconf 79' lang='lat' dir='ltr'><strong>Amplexus</strong></span> <span class='ocrx_word' id='word_1_12' title='bbox 275 614 407 700; x_wconf 75' lang='lat' dir='ltr'>placide</span> <span class='ocrx_word' id='word_1_13' title='bbox 421 617 587 681; x_wconf 88' lang='lat' dir='ltr'>tumulum</span> <span class='ocrx_word' id='word_1_14' title='bbox 595 660 605 695; x_wconf 87' lang='lat'>‚</span> <span class='ocrx_word' id='word_1_15' title='bbox 613 616 790 697; x_wconf 86' lang='lat' dir='ltr'>lapsusque</span> <span class='ocrx_word' id='word_1_16' title='bbox 804 636 865 698; x_wconf 90' lang='lat' dir='ltr'>per</span> <span class='ocrx_word' id='word_1_17' title='bbox 873 636 966 696; x_wconf 77' lang='lat' dir='ltr'>aras3</span> 
     </span>
    </p>

    <p class='ocr_par' dir='ltr' id='par_1_4' title="bbox 95 721 916 806">
     <span class='ocr_line' id='line_1_4' title="bbox 95 721 916 806; baseline -0.002 -19"><span class='ocrx_word' id='word_1_18' title='bbox 95 726 262 787; x_wconf 81' lang='lat' dir='ltr'>Caemleae</span> <span class='ocrx_word' id='word_1_19' title='bbox 277 724 332 785; x_wconf 88' lang='lat' dir='ltr'>cui</span> <span class='ocrx_word' id='word_1_20' title='bbox 344 730 437 806; x_wconf 82' lang='lat' dir='ltr'>terga</span> <span class='ocrx_word' id='word_1_21' title='bbox 449 730 549 785; x_wconf 90' lang='lat' dir='ltr'>notae</span> <span class='ocrx_word' id='word_1_22' title='bbox 567 721 752 785; x_wconf 80' lang='lat' dir='ltr'>maculosus</span> <span class='ocrx_word' id='word_1_23' title='bbox 765 730 798 783; x_wconf 90' lang='lat' dir='ltr'>et</span> <span class='ocrx_word' id='word_1_24' title='bbox 807 740 891 785; x_wconf 89' lang='lat' dir='ltr'>auro</span> <span class='ocrx_word' id='word_1_25' title='bbox 909 746 916 757; x_wconf 89' lang='lat'><strong>·</strong></span> 
     </span>
    </p>

    <p class='ocr_par' dir='ltr' id='par_1_5' title="bbox 96 826 962 911">
     <span class='ocr_line' id='line_1_5' title="bbox 96 826 962 911; baseline 0.008 -22"><span class='ocrx_word' id='word_1_26' title='bbox 96 832 264 908; x_wconf 81' lang='lat' dir='ltr'>Squamam</span> <span class='ocrx_word' id='word_1_27' title='bbox 278 826 477 892; x_wconf 83' lang='lat' dir='ltr'>irteendebat</span> <span class='ocrx_word' id='word_1_28' title='bbox 488 827 615 911; x_wconf 75' lang='lat' dir='ltr'>fulgor:</span> <span class='ocrx_word' id='word_1_29' title='bbox 635 845 695 889; x_wconf 88' lang='lat' dir='ltr'>ceu</span> <span class='ocrx_word' id='word_1_30' title='bbox 709 826 853 893; x_wconf 81' lang='lat' dir='ltr'>nubibus</span> <span class='ocrx_word' id='word_1_31' title='bbox 867 849 962 897; x_wconf 77' lang='lat' dir='ltr'>arcus</span> 
     </span>
    </p>

    <p class='ocr_par' dir='ltr' id='par_1_6' title="bbox 99 931 784 998">
     <span class='ocr_line' id='line_1_6' title="bbox 99 931 784 998; baseline 0 -2"><span class='ocrx_word' id='word_1_32' title='bbox 99 932 182 997; x_wconf 86' lang='lat' dir='ltr'>Mille</span> <span class='ocrx_word' id='word_1_33' title='bbox 196 931 275 998; x_wconf 81' lang='lat' dir='ltr'>iacit</span> <span class='ocrx_word' id='word_1_34' title='bbox 290 931 401 997; x_wconf 82' lang='lat' dir='ltr'>varios</span> <span class='ocrx_word' id='word_1_35' title='bbox 417 934 557 995; x_wconf 73' lang='lat' dir='ltr'>adverso</span> <span class='ocrx_word' id='word_1_36' title='bbox 566 932 635 995; x_wconf 86' lang='lat' dir='ltr'>sole</span> <span class='ocrx_word' id='word_1_37' title='bbox 647 934 784 997; x_wconf 81' lang='lat' dir='ltr'>colores.</span> 
     </span>
    </p>

    <p class='ocr_par' dir='ltr' id='par_1_7' title="bbox 100 1034 851 1123">
     <span class='ocr_line' id='line_1_7' title="bbox 100 1034 851 1123; baseline 0.004 -25"><span class='ocrx_word' id='word_1_38' title='bbox 100 1035 266 1119; x_wconf 80' lang='lat' dir='ltr'>Obstupuit</span> <span class='ocrx_word' id='word_1_39' title='bbox 284 1034 357 1099; x_wconf 83' lang='lat' dir='ltr'>visu</span> <span class='ocrx_word' id='word_1_40' title='bbox 370 1037 507 1097; x_wconf 78' lang='lat' dir='ltr'>Aeneas.</span> <span class='ocrx_word' id='word_1_41' title='bbox 525 1036 587 1097; x_wconf 89' lang='lat' dir='ltr'>Ille</span> <span class='ocrx_word' id='word_1_42' title='bbox 601 1035 736 1121; x_wconf 79' lang='lat' dir='ltr'>agmine</span> <span class='ocrx_word' id='word_1_43' title='bbox 746 1037 851 1123; x_wconf 78' lang='lat' dir='ltr'>longo</span> 
     </span>
    </p>

    <p class='ocr_par' dir='ltr' id='par_1_8' title="bbox 100 1140 972 1229">
     <span class='ocr_line' id='line_1_8' title="bbox 100 1140 972 1229; baseline 0.009 -25"><span class='ocrx_word' id='word_1_44' title='bbox 100 1143 236 1204; x_wconf 86' lang='lat' dir='ltr'>Tandem</span> <span class='ocrx_word' id='word_1_45' title='bbox 253 1140 479 1222; x_wconf 78' lang='lat' dir='ltr'>interpateras</span> <span class='ocrx_word' id='word_1_46' title='bbox 497 1151 528 1204; x_wconf 91' lang='lat' dir='ltr'>et</span> <span class='ocrx_word' id='word_1_47' title='bbox 537 1141 645 1205; x_wconf 84' lang='lat' dir='ltr'>laevia</span> <span class='ocrx_word' id='word_1_48' title='bbox 656 1144 777 1225; x_wconf 88' lang='lat' dir='ltr'>pocula</span> <span class='ocrx_word' id='word_1_49' title='bbox 789 1164 925 1229; x_wconf 84' lang='lat' dir='ltr'>serpens</span> <span class='ocrx_word' id='word_1_50' title='bbox 970 1165 972 1174; x_wconf 78' lang='grc'>’</span> 
     </span>
    </p>

    <p class='ocr_par' dir='ltr' id='par_1_9' title="bbox 100 1246 868 1331">
     <span class='ocr_line' id='line_1_9' title="bbox 100 1246 868 1331; baseline 0.012 -23"><span class='ocrx_word' id='word_1_51' title='bbox 100 1246 283 1330; x_wconf 84' lang='lat' dir='ltr'>libavitque</span> <span class='ocrx_word' id='word_1_52' title='bbox 296 1249 409 1331; x_wconf 76' lang='lat' dir='ltr'>dapes,</span> <span class='ocrx_word' id='word_1_53' title='bbox 428 1268 608 1330; x_wconf 75' lang='lat' dir='ltr'>rursusque</span> <span class='ocrx_word' id='word_1_54' title='bbox 622 1249 781 1317; x_wconf 84' lang='lat' dir='ltr'>innoxius</span> <span class='ocrx_word' id='word_1_55' title='bbox 797 1253 868 1317; x_wconf 88' lang='lat' dir='ltr'>imo</span> 
     </span>
    </p>

    <p class='ocr_par' dir='ltr' id='par_1_10' title="bbox 102 1355 860 1439">
     <span class='ocr_line' id='line_1_10' title="bbox 102 1355 860 1439; baseline 0.005 -23"><span class='ocrx_word' id='word_1_56' title='bbox 102 1355 245 1421; x_wconf 72' lang='lat' dir='ltr'>Successit</span> <span class='ocrx_word' id='word_1_57' title='bbox 262 1356 407 1436; x_wconf 83' lang='lat' dir='ltr'>tumulo,</span> <span class='ocrx_word' id='word_1_58' title='bbox 424 1365 457 1417; x_wconf 90' lang='lat' dir='ltr'>et</span> <span class='ocrx_word' id='word_1_59' title='bbox 466 1355 601 1437; x_wconf 84' lang='lat' dir='ltr'>depasta</span> <span class='ocrx_word' id='word_1_60' title='bbox 618 1356 734 1419; x_wconf 87' lang='lat' dir='ltr'>altaria</span> <span class='ocrx_word' id='word_1_61' title='bbox 749 1355 860 1439; x_wconf 87' lang='lat' dir='ltr'>liquit.</span> 
     </span>
    </p>

    <p class='ocr_par' dir='ltr' id='par_1_11' title="bbox 103 1459 1043 1559">
     <span class='ocr_line' id='line_1_11' title="bbox 103 1459 1043 1559; baseline 0.013 -37"><span class='ocrx_word' id='word_1_62' title='bbox 103 1462 164 1523; x_wconf 89' lang='lat' dir='ltr'>Hoc</span> <span class='ocrx_word' id='word_1_63' title='bbox 172 1460 277 1547; x_wconf 82' lang='lat' dir='ltr'>magis</span> <span class='ocrx_word' id='word_1_64' title='bbox 287 1459 436 1542; x_wconf 88' lang='lat' dir='ltr'>inceptos</span> <span class='ocrx_word' id='word_1_65' title='bbox 455 1460 600 1545; x_wconf 79' lang='lat' dir='ltr'>genitori</span> <span class='ocrx_word' id='word_1_66' title='bbox 614 1462 776 1527; x_wconf 86' lang='lat' dir='ltr'>instaurat</span> <span class='ocrx_word' id='word_1_67' title='bbox 791 1464 951 1546; x_wconf 82' lang='lat' dir='ltr'>honores,</span> <span class='ocrx_word' id='word_1_68' title='bbox 994 1553 997 1559; x_wconf 23' lang='grc' dir='ltr'><strong><em>Ι</em></strong></span> <span class='ocrx_word' id='word_1_69' title='bbox 1037 1507 1043 1534; x_wconf 69' lang='grc' dir='ltr'>ι</span> 
     </span>
    </p>

    <p class='ocr_par' dir='ltr' id='par_1_12' title="bbox 103 1570 950 1655">
     <span class='ocr_line' id='line_1_12' title="bbox 103 1570 950 1655; baseline 0.006 -23"><span class='ocrx_word' id='word_1_70' title='bbox 103 1570 251 1652; x_wconf 84' lang='lat' dir='ltr'>Incertus,</span> <span class='ocrx_word' id='word_1_71' title='bbox 266 1570 455 1636; x_wconf 84' lang='lat' dir='ltr'>Geniumne</span> <span class='ocrx_word' id='word_1_72' title='bbox 468 1571 548 1651; x_wconf 90' lang='lat' dir='ltr'>loci,</span> <span class='ocrx_word' id='word_1_73' title='bbox 567 1573 786 1637; x_wconf 85' lang='lat' dir='ltr'>Famulumne</span> <span class='ocrx_word' id='word_1_74' title='bbox 802 1572 950 1655; x_wconf 80' lang='lat' dir='ltr'>parentis</span> 
     </span>
    </p>

    <p class='ocr_par' dir='ltr' id='par_1_13' title="bbox 105 1674 858 1760">
     <span class='ocr_line' id='line_1_13' title="bbox 105 1674 858 1760; baseline 0.011 -24"><span class='ocrx_word' id='word_1_75' title='bbox 105 1674 169 1737; x_wconf 81' lang='lat' dir='ltr'>Esse</span> <span class='ocrx_word' id='word_1_76' title='bbox 180 1684 287 1758; x_wconf 84' lang='lat' dir='ltr'>putet:</span> <span class='ocrx_word' id='word_1_77' title='bbox 305 1675 412 1740; x_wconf 79' lang='lat' dir='ltr'>caedit</span> <span class='ocrx_word' id='word_1_78' title='bbox 425 1675 521 1739; x_wconf 87' lang='lat' dir='ltr'>binas</span> <span class='ocrx_word' id='word_1_79' title='bbox 534 1677 575 1738; x_wconf 85' lang='lat' dir='ltr'>de</span> <span class='ocrx_word' id='word_1_80' title='bbox 591 1677 858 1760; x_wconf 66' lang='lat' dir='ltr'>morabimur,</span> 
     </span>
    </p>

    <p class='ocr_par' dir='ltr' id='par_1_14' title="bbox 106 1776 1026 1887">
     <span class='ocr_line' id='line_1_14' title="bbox 106 1776 1026 1887; baseline 0.014 -50"><span class='ocrx_word' id='word_1_81' title='bbox 106 1776 218 1887; x_wconf 70' lang='lat' dir='ltr'>Totque</span> <span class='ocrx_word' id='word_1_82' title='bbox 234 1798 324 1859; x_wconf 86' lang='lat' dir='ltr'>sues,</span> <span class='ocrx_word' id='word_1_83' title='bbox 341 1777 477 1840; x_wconf 85' lang='lat' dir='ltr'>totidem</span> <span class='ocrx_word' id='word_1_84' title='bbox 493 1778 655 1864; x_wconf 83' lang='lat' dir='ltr'>nigrantis</span> <span class='ocrx_word' id='word_1_85' title='bbox 670 1790 760 1869; x_wconf 79' lang='lat' dir='ltr'>terga</span> <span class='ocrx_word' id='word_1_86' title='bbox 772 1782 940 1848; x_wconf 80' lang='lat' dir='ltr'>iuvencos·</span> <span class='ocrx_word' id='word_1_87' title='bbox 1022 1820 1026 1828; x_wconf 93' lang='lat'>·</span> 
     </span>
    </p>

    <p class='ocr_par' dir='ltr' id='par_1_15' title="bbox 106 1876 940 1968">
     <span class='ocr_line' id='line_1_15' title="bbox 106 1876 940 1968; baseline 0.014 -29"><span class='ocrx_word' id='word_1_88' title='bbox 106 1876 243 1959; x_wconf 82' lang='lat' dir='ltr'>Vinaque</span> <span class='ocrx_word' id='word_1_89' title='bbox 257 1879 418 1945; x_wconf 85' lang='lat' dir='ltr'>fundebat</span> <span class='ocrx_word' id='word_1_90' title='bbox 427 1883 564 1964; x_wconf 80' lang='lat' dir='ltr'>pateris,</span> <span class='ocrx_word' id='word_1_91' title='bbox 575 1885 940 1968; x_wconf 82' lang='lat' dir='ltr'>animamquevocabat</span> 
     </span>
    </p>

    <p class='ocr_par' dir='ltr' id='par_1_16' title="bbox 106 1981 1053 2075">
     <span class='ocr_line' id='line_1_16' title="bbox 106 1981 1053 2075; baseline 0.015 -33"><span class='ocrx_word' id='word_1_92' title='bbox 106 1982 252 2045; x_wconf 76' lang='lat' dir='ltr'>Anchisae</span> <span class='ocrx_word' id='word_1_93' title='bbox 265 1981 397 2068; x_wconf 78' lang='lat' dir='ltr'>magni,</span> <span class='ocrx_word' id='word_1_94' title='bbox 412 1986 585 2075; x_wconf 82' lang='lat' dir='ltr'>Manisque</span> <span class='ocrx_word' id='word_1_95' title='bbox 599 1990 785 2057; x_wconf 83' lang='lat' dir='ltr'>Acheronte</span> <span class='ocrx_word' id='word_1_96' title='bbox 795 1990 958 2053; x_wconf 66' lang='lat' dir='ltr'>rancus</span> <span class='ocrx_word' id='word_1_97' title='bbox 1012 2010 1053 2075; x_wconf 71' lang='lat'>99</span> 
     </span>
    </p>

    <p class='ocr_par' dir='ltr' id='par_1_17' title="bbox 106 2087 1032 2181">
     <span class='ocr_line' id='line_1_17' title="bbox 106 2087 1032 2181; baseline 0.015 -32"><span class='ocrx_word' id='word_1_98' title='bbox 106 2087 239 2159; x_wconf 87' lang='lat' dir='ltr'>Necnon</span> <span class='ocrx_word' id='word_1_99' title='bbox 253 2088 393 2173; x_wconf 81' lang='lat' dir='ltr'>etsocii,</span> <span class='ocrx_word' id='word_1_100' title='bbox 412 2112 499 2173; x_wconf 87' lang='lat' dir='ltr'>quae</span> <span class='ocrx_word' id='word_1_101' title='bbox 513 2094 632 2177; x_wconf 86' lang='lat' dir='ltr'>cuique</span> <span class='ocrx_word' id='word_1_102' title='bbox 645 2108 693 2161; x_wconf 88' lang='lat' dir='ltr'>est</span> <span class='ocrx_word' id='word_1_103' title='bbox 704 2098 817 2181; x_wconf 84' lang='lat' dir='ltr'>copia,</span> <span class='ocrx_word' id='word_1_104' title='bbox 829 2096 907 2161; x_wconf 89' lang='lat' dir='ltr'>laeti</span> <span class='ocrx_word' id='word_1_105' title='bbox 1028 2097 1032 2101; x_wconf 77' lang='grc'><strong>’</strong></span> 
     </span>
    </p>

    <p class='ocr_par' dir='ltr' id='par_1_18' title="bbox 107 2188 991 2282">
     <span class='ocr_line' id='line_1_18' title="bbox 107 2188 991 2282; baseline 0.02 -34"><span class='ocrx_word' id='word_1_106' title='bbox 107 2188 327 2269; x_wconf 73' lang='lat' dir='ltr'>Donaternnt3</span> <span class='ocrx_word' id='word_1_107' title='bbox 341 2204 580 2277; x_wconf 70' lang='lat' dir='ltr'>onerantem,</span> <span class='ocrx_word' id='word_1_108' title='bbox 600 2208 812 2282; x_wconf 82' lang='lat' dir='ltr'>mactantque</span> <span class='ocrx_word' id='word_1_109' title='bbox 823 2201 991 2270; x_wconf 82' lang='lat' dir='ltr'>iuvencos.</span> 
     </span>
    </p>

    <p class='ocr_par' dir='ltr' id='par_1_19' title="bbox 111 2293 886 2385">
     <span class='ocr_line' id='line_1_19' title="bbox 111 2293 886 2385; baseline 0.017 -32"><span class='ocrx_word' id='word_1_110' title='bbox 111 2293 221 2359; x_wconf 84' lang='lat' dir='ltr'>Ordine</span> <span class='ocrx_word' id='word_1_111' title='bbox 234 2302 318 2362; x_wconf 71' lang='lat' dir='ltr'>aena</span> <span class='ocrx_word' id='word_1_112' title='bbox 329 2299 440 2363; x_wconf 89' lang='lat' dir='ltr'>locant</span> <span class='ocrx_word' id='word_1_113' title='bbox 452 2300 526 2381; x_wconf 87' lang='lat' dir='ltr'>alii,</span> <span class='ocrx_word' id='word_1_114' title='bbox 539 2300 669 2383; x_wconf 81' lang='lat' dir='ltr'>fusique</span> <span class='ocrx_word' id='word_1_115' title='bbox 677 2322 739 2385; x_wconf 86' lang='lat' dir='ltr'>per</span> <span class='ocrx_word' id='word_1_116' title='bbox 746 2306 886 2367; x_wconf 86' lang='lat' dir='ltr'>herbam</span> 
     </span>
    </p>

    <p class='ocr_par' dir='ltr' id='par_1_20' title="bbox 109 2396 979 2593">
     <span class='ocr_line' id='line_1_20' title="bbox 109 2396 979 2489; baseline 0.008 -29"><span class='ocrx_word' id='word_1_117' title='bbox 109 2396 279 2465; x_wconf 68' lang='lat' dir='ltr'>subiiciunt</span> <span class='ocrx_word' id='word_1_118' title='bbox 292 2403 425 2469; x_wconf 82' lang='lat' dir='ltr'>veribus</span> <span class='ocrx_word' id='word_1_119' title='bbox 440 2425 584 2489; x_wconf 77' lang='lat' dir='ltr'>prunae,</span> <span class='ocrx_word' id='word_1_120' title='bbox 602 2416 636 2469; x_wconf 90' lang='lat' dir='ltr'>et</span> <span class='ocrx_word' id='word_1_121' title='bbox 650 2405 778 2471; x_wconf 82' lang='lat' dir='ltr'>viscera</span> <span class='ocrx_word' id='word_1_122' title='bbox 789 2414 926 2474; x_wconf 76' lang='lat' dir='ltr'>torrent.</span> <span class='ocrx_word' id='word_1_123' title='bbox 977 2465 979 2474; x_wconf 79' lang='grc'>,</span> 
     </span>
     <span class='ocr_line' id='line_1_21' title="bbox 141 2506 881 2593; baseline 0.001 -19"><span class='ocrx_word' id='word_1_124' title='bbox 141 2506 325 2591; x_wconf 74' lang='lat' dir='ltr'>Exspectata</span> <span class='ocrx_word' id='word_1_125' title='bbox 336 2509 748 2593; x_wconf 58' lang='lat' dir='ltr'>&amp;aeternarumque</span> <span class='ocrx_word' id='word_1_126' title='bbox 764 2529 881 2575; x_wconf 83' lang='lat' dir='ltr'>serena</span> 
     </span>
    </p>

    <p class='ocr_par' dir='ltr' id='par_1_21' title="bbox 110 2611 957 2699">
     <span class='ocr_line' id='line_1_22' title="bbox 110 2611 957 2699; baseline 0.011 -27"><span class='ocrx_word' id='word_1_127' title='bbox 110 2611 257 2683; x_wconf 75' lang='lat' dir='ltr'>Auroram</span> <span class='ocrx_word' id='word_1_128' title='bbox 271 2616 489 2688; x_wconf 69' lang='lat' dir='ltr'>Phaethontis,</span> <span class='ocrx_word' id='word_1_129' title='bbox 500 2616 578 2699; x_wconf 88' lang='lat' dir='ltr'>equi</span> <span class='ocrx_word' id='word_1_130' title='bbox 591 2618 661 2681; x_wconf 87' lang='lat' dir='ltr'>iam</span> <span class='ocrx_word' id='word_1_131' title='bbox 677 2618 754 2681; x_wconf 81' lang='lat' dir='ltr'>luce</span> <span class='ocrx_word' id='word_1_132' title='bbox 774 2617 957 2695; x_wconf 79' lang='lat' dir='ltr'>vehebant3</span> 
     </span>
    </p>

    <p class='ocr_par' dir='ltr' id='par_1_22' title="bbox 112 2717 944 2801">
     <span class='ocr_line' id='line_1_23' title="bbox 112 2717 944 2801; baseline 0.005 -20"><span class='ocrx_word' id='word_1_133' title='bbox 112 2717 261 2801; x_wconf 83' lang='lat' dir='ltr'>Famaque</span> <span class='ocrx_word' id='word_1_134' title='bbox 277 2720 437 2785; x_wconf 85' lang='lat' dir='ltr'>finitimos</span> <span class='ocrx_word' id='word_1_135' title='bbox 447 2731 480 2785; x_wconf 93' lang='lat' dir='ltr'>et</span> <span class='ocrx_word' id='word_1_136' title='bbox 494 2722 576 2788; x_wconf 82' lang='lat' dir='ltr'>clari</span> <span class='ocrx_word' id='word_1_137' title='bbox 588 2741 713 2787; x_wconf 86' lang='lat' dir='ltr'>nomeu</span> <span class='ocrx_word' id='word_1_138' title='bbox 725 2723 862 2791; x_wconf 76' lang='lat' dir='ltr'>Acestae</span> <span class='ocrx_word' id='word_1_139' title='bbox 939 2776 944 2785; x_wconf 86' lang='lat'><em>.</em></span> 
     </span>
    </p>

    <p class='ocr_par' dir='ltr' id='par_1_23' title="bbox 112 2812 811 2910">
     <span class='ocr_line' id='line_1_24' title="bbox 112 2812 811 2910; baseline 0.016 -31"><span class='ocrx_word' id='word_1_140' title='bbox 112 2820 265 2887; x_wconf 83' lang='lat' dir='ltr'>Excierat:</span> <span class='ocrx_word' id='word_1_141' title='bbox 285 2827 374 2889; x_wconf 84' lang='lat' dir='ltr'>laeto</span> <span class='ocrx_word' id='word_1_142' title='bbox 388 2812 594 2909; x_wconf 70' lang='lat' dir='ltr'>complerant</span> <span class='ocrx_word' id='word_1_143' title='bbox 605 2825 703 2910; x_wconf 76' lang='lat' dir='ltr'>litora</span> <span class='ocrx_word' id='word_1_144' title='bbox 714 2832 811 2890; x_wconf 79' lang='lat' dir='ltr'>coetu</span> 
     </span>
    </p>

    <p class='ocr_par' dir='ltr' id='par_1_24' title="bbox 112 2926 828 3023">
     <span class='ocr_line' id='line_1_25' title="bbox 112 2926 828 3023; baseline 0.006 -33"><span class='ocrx_word' id='word_1_145' title='bbox 112 2926 209 2993; x_wconf 85' lang='lat' dir='ltr'>Visuri</span> <span class='ocrx_word' id='word_1_146' title='bbox 220 2936 408 3023; x_wconf 73' lang='lat' dir='ltr'>Aeneadas3</span> <span class='ocrx_word' id='word_1_147' title='bbox 427 2954 504 3015; x_wconf 85' lang='lat' dir='ltr'>pars</span> <span class='ocrx_word' id='word_1_148' title='bbox 518 2944 550 2997; x_wconf 89' lang='lat' dir='ltr'>et</span> <span class='ocrx_word' id='word_1_149' title='bbox 567 2944 692 2997; x_wconf 86' lang='lat' dir='ltr'>certare</span> <span class='ocrx_word' id='word_1_150' title='bbox 708 2931 828 3015; x_wconf 79' lang='lat' dir='ltr'>parati.</span> 
     </span>
    </p>

    <p class='ocr_par' dir='ltr' id='par_1_25' title="bbox 113 3034 973 3129">
     <span class='ocr_line' id='line_1_26' title="bbox 113 3034 973 3129; baseline 0.006 -35"><span class='ocrx_word' id='word_1_151' title='bbox 113 3034 239 3101; x_wconf 82' lang='lat' dir='ltr'>Munera</span> <span class='ocrx_word' id='word_1_152' title='bbox 251 3038 416 3123; x_wconf 90' lang='lat' dir='ltr'>principio</span> <span class='ocrx_word' id='word_1_153' title='bbox 429 3048 505 3103; x_wconf 84' lang='lat' dir='ltr'>ante</span> <span class='ocrx_word' id='word_1_154' title='bbox 521 3039 635 3103; x_wconf 88' lang='lat' dir='ltr'>oculos</span> <span class='ocrx_word' id='word_1_155' title='bbox 651 3036 806 3119; x_wconf 88' lang='lat' dir='ltr'>circoque</span> <span class='ocrx_word' id='word_1_156' title='bbox 819 3038 973 3129; x_wconf 80' lang='lat' dir='ltr'>locantur</span> 
     </span>
    </p>

    <p class='ocr_par' dir='ltr' id='par_1_26' title="bbox 113 3134 934 3224">
     <span class='ocr_line' id='line_1_27' title="bbox 113 3134 934 3224; baseline 0.006 -30"><span class='ocrx_word' id='word_1_157' title='bbox 113 3134 279 3203; x_wconf 82' lang='lat' dir='ltr'>tnmedio:</span> <span class='ocrx_word' id='word_1_158' title='bbox 297 3140 382 3205; x_wconf 79' lang='lat' dir='ltr'>sacri</span> <span class='ocrx_word' id='word_1_159' title='bbox 400 3138 563 3223; x_wconf 84' lang='lat' dir='ltr'>tripodes,</span> <span class='ocrx_word' id='word_1_160' title='bbox 576 3137 762 3221; x_wconf 85' lang='lat' dir='ltr'>viridesque</span> <span class='ocrx_word' id='word_1_161' title='bbox 773 3156 934 3224; x_wconf 80' lang='lat' dir='ltr'>coronae,</span> 
     </span>
    </p>

    <p class='ocr_par' dir='ltr' id='par_1_27' title="bbox 114 3241 1043 3331">
     <span class='ocr_line' id='line_1_28' title="bbox 114 3241 1043 3331; baseline -0.004 -24"><span class='ocrx_word' id='word_1_162' title='bbox 114 3241 148 3307; x_wconf 85' lang='lat' dir='ltr'>Et</span> <span class='ocrx_word' id='word_1_163' title='bbox 159 3248 301 3331; x_wconf 81' lang='lat' dir='ltr'>palmae,</span> <span class='ocrx_word' id='word_1_164' title='bbox 316 3247 461 3331; x_wconf 79' lang='lat' dir='ltr'>pretium</span> <span class='ocrx_word' id='word_1_165' title='bbox 476 3245 670 3328; x_wconf 83' lang='lat' dir='ltr'>victoribus,</span> <span class='ocrx_word' id='word_1_166' title='bbox 683 3262 859 3325; x_wconf 85' lang='lat' dir='ltr'>armaque,</span> <span class='ocrx_word' id='word_1_167' title='bbox 875 3252 908 3314; x_wconf 87' lang='lat' dir='ltr'>et</span> <span class='ocrx_word' id='word_1_168' title='bbox 925 3248 1016 3305; x_wconf 86' lang='lat' dir='ltr'>ostro</span> <span class='ocrx_word' id='word_1_169' title='bbox 1040 3310 1043 3315; x_wconf 56' lang='grc'><strong>,</strong></span> 
     </span>
    </p>

    <p class='ocr_par' dir='ltr' id='par_1_28' title="bbox 114 3349 841 3440">
     <span class='ocr_line' id='line_1_29' title="bbox 114 3349 841 3440; baseline 0.01 -32"><span class='ocrx_word' id='word_1_170' title='bbox 114 3349 383 3436; x_wconf 78' lang='lat' dir='ltr'>Perfusacvestes,</span> <span class='ocrx_word' id='word_1_171' title='bbox 396 3354 526 3440; x_wconf 77' lang='lat' dir='ltr'>argenti</span> <span class='ocrx_word' id='word_1_172' title='bbox 544 3352 683 3434; x_wconf 82' lang='lat' dir='ltr'>aurique</span> <span class='ocrx_word' id='word_1_173' title='bbox 701 3353 841 3428; x_wconf 75' lang='lat' dir='ltr'>talenta3</span> 
     </span>
    </p>

    <p class='ocr_par' dir='ltr' id='par_1_29' title="bbox 116 3454 932 3544">
     <span class='ocr_line' id='line_1_30' title="bbox 116 3454 932 3544; baseline 0.007 -31"><span class='ocrx_word' id='word_1_174' title='bbox 116 3454 149 3516; x_wconf 90' lang='lat' dir='ltr'>Et</span> <span class='ocrx_word' id='word_1_175' title='bbox 164 3460 236 3521; x_wconf 82' lang='lat' dir='ltr'>tube</span> <span class='ocrx_word' id='word_1_176' title='bbox 249 3461 440 3526; x_wconf 85' lang='lat' dir='ltr'>commissos</span> <span class='ocrx_word' id='word_1_177' title='bbox 454 3458 564 3525; x_wconf 82' lang='lat' dir='ltr'>medio</span> <span class='ocrx_word' id='word_1_178' title='bbox 582 3459 669 3523; x_wconf 87' lang='lat' dir='ltr'>canit</span> <span class='ocrx_word' id='word_1_179' title='bbox 683 3477 805 3544; x_wconf 80' lang='lat' dir='ltr'>aggere</span> <span class='ocrx_word' id='word_1_180' title='bbox 821 3455 932 3519; x_wconf 85' lang='lat' dir='ltr'>ludos.</span> 
     </span>
    </p>

    <p class='ocr_par' dir='ltr' id='par_1_30' title="bbox 116 3561 941 3653">
     <span class='ocr_line' id='line_1_31' title="bbox 116 3561 941 3653; baseline 0.011 -30"><span class='ocrx_word' id='word_1_181' title='bbox 116 3561 215 3626; x_wconf 88' lang='lat' dir='ltr'>Prima</span> <span class='ocrx_word' id='word_1_182' title='bbox 233 3586 329 3649; x_wconf 87' lang='lat' dir='ltr'>pares</span> <span class='ocrx_word' id='word_1_183' title='bbox 344 3566 627 3653; x_wconf 81' lang='lat' dir='ltr'>ineuntgravibus</span> <span class='ocrx_word' id='word_1_184' title='bbox 633 3566 815 3633; x_wconf 82' lang='lat' dir='ltr'>certamina</span> <span class='ocrx_word' id='word_1_185' title='bbox 830 3564 941 3635; x_wconf 81' lang='lat' dir='ltr'>remis·</span> 
     </span>
    </p>

    <p class='ocr_par' dir='ltr' id='par_1_31' title="bbox 35 3668 879 3756">
     <span class='ocr_line' id='line_1_32' title="bbox 35 3668 879 3756; baseline 0.008 -27"><span class='ocrx_word' id='word_1_186' title='bbox 35 3714 36 3719; x_wconf 18' lang='grc' dir='ltr'>η</span> <span class='ocrx_word' id='word_1_187' title='bbox 117 3668 270 3755; x_wconf 73' lang='lat' dir='ltr'>Quattuor,</span> <span class='ocrx_word' id='word_1_188' title='bbox 284 3693 325 3735; x_wconf 89' lang='lat' dir='ltr'>ex</span> <span class='ocrx_word' id='word_1_189' title='bbox 340 3674 433 3742; x_wconf 86' lang='lat' dir='ltr'>omni</span> <span class='ocrx_word' id='word_1_190' title='bbox 444 3675 722 3756; x_wconf 84' lang='lat' dir='ltr'>delectaeclasse,</span> <span class='ocrx_word' id='word_1_191' title='bbox 732 3671 879 3738; x_wconf 84' lang='lat' dir='ltr'>carinae.</span> 
     </span>
    </p>

    <p class='ocr_par' dir='ltr' id='par_1_32' title="bbox 35 3772 917 3869">
     <span class='ocr_line' id='line_1_33' title="bbox 35 3772 917 3869; baseline 0.009 -30"><span class='ocrx_word' id='word_1_192' title='bbox 35 3806 37 3863; x_wconf 76' lang='lat'><em>}</em></span> <span class='ocrx_word' id='word_1_193' title='bbox 117 3772 263 3859; x_wconf 80' lang='lat' dir='ltr'>Velocem</span> <span class='ocrx_word' id='word_1_194' title='bbox 275 3782 465 3847; x_wconf 80' lang='lat' dir='ltr'>Mnestheus</span> <span class='ocrx_word' id='word_1_195' title='bbox 478 3780 545 3869; x_wconf 84' lang='lat' dir='ltr'>agit</span> <span class='ocrx_word' id='word_1_196' title='bbox 557 3779 626 3847; x_wconf 85' lang='lat' dir='ltr'>acri</span> <span class='ocrx_word' id='word_1_197' title='bbox 643 3778 768 3869; x_wconf 76' lang='lat' dir='ltr'>remige</span> <span class='ocrx_word' id='word_1_198' title='bbox 778 3779 917 3859; x_wconf 70' lang='lat' dir='ltr'>Ptistius</span> 
     </span>
    </p>
   </div>
   <div class='ocr_carea' id='block_1_3' title="bbox 0 0 1441 4817">
    <p class='ocr_par' dir='ltr' id='par_1_33' title="bbox 0 0 1441 4817">
     <span class='ocr_line' id='line_1_34' title="bbox 0 0 1441 4817; baseline 0 0"><span class='ocrx_word' id='word_1_199' title='bbox 0 0 1441 4817; x_wconf 95' lang='lat' dir='ltr'> </span> 
     </span>
    </p>
   </div>
  </div>
 </body>
</html>
