2809 4817
317 334 319 338 v
351 374 555 439 LIBER
595 373 802 441 V.·v.''211.
999 396 1056 442 aar

107 527 234 617 Agmine
247 544 418 593 remorum
434 525 550 609 celeri,
569 524 743 607 ventisque
754 524 893 608 vocatis,

106 638 202 701 Prona
212 633 293 717 petit
311 631 433 713 maria,
448 642 480 693 et
491 633 609 718 pelago
623 632 769 699 decurrit
779 642 906 716 aperto.

107 740 208 823 Qualis
223 740 380 823 spelunca
398 738 508 802 subito
523 750 689 805 commota
706 730 877 821 columba,

106 846 158 908 Cui
173 848 289 923 domus
301 855 334 909 et
347 846 460 907 dulces
476 846 640 908 latebroso
655 844 692 911 in
707 846 841 928 pumice
859 845 947 928 nidi,

105 952 206 1014 Fertur
215 950 251 1013 in
263 970 344 1013 arva
353 952 468 1013 volans
478 996 488 1032 ,
498 952 720 1032 plausumque
729 954 882 1015 exterrita
894 949 1014 1035 pennis

105 1056 159 1117 ilat
172 1064 254 1119 tecto
265 1054 454 1140 ingentem
469 1073 546 1117 mon
560 1061 636 1119 atre
651 1058 744 1139 lapsa
758 1056 872 1137 quieto

106 1156 191 1222 tacit
199 1158 262 1223 iter
274 1158 458 1241 liquidum,
472 1160 586 1223 celeris
598 1180 708 1241 neque
723 1170 911 1224 commovet
924 1161 1012 1223 alass

107 1262 151 1327 sto
162 1264 364 1343 Mnestheus,
379 1262 427 1327 sic
436 1261 507 1345 ipsa
521 1262 603 1349 iuga
617 1263 835 1328 sceatultima
851 1263 963 1326 Pristis

109 1372 260 1454 Aequore,
278 1369 325 1433 sic
338 1368 432 1436 illam
445 1370 508 1435 lert
518 1370 661 1453 impetus
675 1370 747 1454 ipse
757 1374 935 1435 volantem.

110 1477 142 1539 Bt
152 1478 292 1561 primum
303 1477 339 1543 iri
352 1478 492 1560 scopulo
502 1477 683 1543 luctantem
699 1476 820 1541 deserit
831 1478 900 1539 alto

111 1588 277 1675 Sergestum
291 1586 514 1670 brevibusque
525 1588 633 1671 vadis,
644 1587 831 1668 frustraque
842 1593 1016 1650 vocantem

110 1693 239 1775 Auxilia,
249 1702 281 1757 et
290 1692 403 1756 fractis
419 1693 598 1755 discentem
612 1711 745 1755 currere
754 1692 864 1755 remis.

109 1799 176 1864 Inde
186 1805 282 1885 Gyan
299 1802 475 1884 ipsamque
486 1800 613 1887 ingenti
630 1802 720 1863 mole
736 1800 947 1864 Chimaeram

110 1908 328 1988 Consequitur:
343 1906 451 1989 cedit,
467 1908 625 1989 quoniam
635 1908 776 1992 spoliata
789 1908 947 1994 magistro
959 1911 1017 1967 est.

109 2013 187 2075 Solus
199 2012 331 2092 iamque
344 2010 417 2095 ipso
427 2023 575 2095 superest
584 2012 620 2075 in
633 2011 701 2079 fine
710 2015 908 2075 Cloanthus:

109 2118 197 2201 Quem
209 2118 307 2200 petit,
317 2116 496 2181 etsummis
507 2118 646 2181 adnixus
659 2117 784 2181 viribus
794 2125 899 2202 urget.
991 2115 1050 2176 226

109 2220 178 2282 Tum
186 2242 263 2284 vero
275 2221 459 2308 ingeminat
471 2203 612 2303 clamor,
623 2221 798 2301 cunctique
814 2228 1007 2299 sequentem
1145 2208 1150 2215 ¹

108 2324 249 2414 instigant
258 2326 388 2411 studiis,
403 2336 599 2407 resonatque
611 2324 799 2411 fragoribus
811 2325 933 2386 aether.

108 2430 151 2513 Hi,
160 2434 330 2516 proprium
342 2435 439 2496 decus
449 2442 634 2514 et‘partum,
647 2428 874 2516 indignantur,
886 2424 1048 2513 honorem

108 2535 140 2596 Ni
155 2544 297 2617 teneont3
316 2535 487 2616 uitamque
498 2534 619 2596 volunt
626 2552 687 2617 pro
698 2532 796 2595 laude
807 2528 940 2613 pacisci.
979 2582 984 2591 .
1011 2558 1013 2566 >

107 2638 163 2704 Hos
174 2630 335 2705 successus
347 2638 422 2703 alit:
434 2649 586 2721 possunt,
598 2638 676 2720 quie
688 2657 784 2721 posse
793 2636 958 2699 videntur.
980 2683 982 2688 .

106 2744 137 2806 Et
148 2748 208 2811 fors
218 2745 365 2828 aequatis
377 2745 537 2829 cepissent
552 2745 701 2827 praemia
716 2744 844 2820 rostris;

107 2850 150 2932 Ni,
165 2854 288 2933 palmas
299 2860 402 2933 ponto
419 2852 553 2913 tendens
565 2859 735 2932 utrasque,
750 2846 933 2911 Cloanthus

106 2957 300 3040 Pudissetque
312 2976 440 3041 preces,
458 2955 624 3037 Divosque
638 2956 675 3017 in
691 2962 769 3016 vota
782 2960 946 3017 vocasset:

106 3058 154 3148 Di,
164 3065 281 3152 quihus
297 3066 476 3155 imperium
493 3074 541 3131 est
552 3062 680 3149 pelagi,
694 3080 838 3143 quorum
851 3078 997 3143 aequora

618 3186 733 3249 curro,

106 3272 193 3338 Vobis
204 3277 307 3340 laetus
320 3294 383 3361 ego
397 3276 466 3342 hoc»
477 3274 672 3336 candentem
685 3272 723 3334 in
735 3271 834 3338 litore
853 3281 986 3335 taurum
1072 3325 1074 3334 .

106 3384 292 3450 constituam
303 3395 379 3449 ante
392 3404 479 3465 aras,
492 3382 562 3445 voti
573 3400 664 3464 rcus,
678 3392 819 3464 extaque
831 3384 933 3447 salsos

105 3486 270 3553 Porriciam
280 3490 315 3553 in
325 3492 456 3570 fluonia,
472 3495 504 3551 et
514 3484 593 3549 vina
604 3484 766 3565 liquentia
774 3484 923 3548 fundam.

104 3592 199 3675 Dixit,
217 3602 360 3677 euntque
372 3596 448 3659 imis
461 3595 523 3657 sub
536 3591 687 3655 fluctibus
697 3591 802 3655 audiit
816 3590 925 3655 omnis

103 3694 265 3762 Nereidum
275 3699 460 3780 Phorcique
473 3702 606 3781 chorus,
621 3700 838 3780 Panopesque
849 3696 963 3785 virg03

104 3798 137 3861 Et
145 3814 232 3885 peter
244 3805 314 3889 ipse
330 3826 433 3871 manu
448 3822 568 3895 magne
577 3796 743 3874 Portunus
757 3813 890 3873 cunum
