2809 4817
402 386 442 445 aa
706 341 1061 453 rheumnos
1200 386 1326 463 enos

398 512 665 605 Praecipitesque
683 516 785 580 trahit
798 514 912 595 silvas,
923 524 1033 601 stupet
1043 516 1167 582 inscius
1178 520 1248 583 alto

398 628 572 713 Accipiens
589 625 735 691 sonitum
747 622 820 690 sexi
831 626 874 687 de
888 623 1013 687 vertice
1027 629 1149 707 pastor.
1254 676 1258 682 .

293 759 295 763 ·
397 738 486 799 Tum
495 750 577 795 vero
590 730 766 794 manifesta
780 726 882 811 fides,
895 726 1117 810 Danaumque
1132 736 1306 812 patescunt

397 834 552 899 Insidiae.
566 835 639 897 lam
651 831 823 918 Deiphobi
834 831 928 896 dedit
938 834 1051 916 ampla
1061 831 1213 915 ruinam,

327 948 336 968 ⁸
374 1018 388 1027 ‚,
397 945 549 1010 Volcano
558 951 753 1027 superante,
770 944 906 1021 domus3
925 940 996 1004 iam
1004 959 1190 1025 proxumus
1202 944 1298 1009 ardet

397 1053 567 1139 Ucalegon
578 1072 588 1131 ς
601 1048 698 1137 Sigea
709 1046 877 1136 ignit'reta
895 1048 963 1109 lata
974 1047 1137 1111 relucent.

398 1156 555 1219 Exoritur
569 1158 761 1236 clamorque
779 1149 890 1215 virhm
905 1153 1109 1238 clangorque
1126 1154 1295 1219 tubarum.

398 1268 499 1327 Arma
512 1282 626 1327 amens
641 1261 739 1345 capio
746 1282 759 1340 3*
776 1281 839 1324 nee
849 1258 1047 1323 retentionis
1058 1260 1096 1323 in
1108 1261 1222 1327 armis.

396 1372 461 1433 Sed
471 1372 660 1457 glomerare
669 1386 807 1432 manum
815 1369 921 1449 bello,
935 1377 968 1430 et
977 1361 1175 1459 concurrere
1184 1369 1224 1435 in
1235 1389 1338 1456 mecm

363 1457 367 1477 ¹
398 1478 484 1537 Cum
494 1473 591 1538 sociis
601 1475 719 1537 ardent
730 1471 846 1535 animi.
861 1474 968 1533 Furor
978 1471 1095 1555 iraque
1105 1484 1255 1539 mentem

396 1580 633 1663 Praecipitant3
646 1578 893 1663 pulchrumque
908 1560 996 1642 mori
1008 1581 1172 1645 succurrit
1182 1581 1221 1645 in
1233 1582 1336 1647 arnus·

437 1686 521 1747 Ecce
538 1673 653 1747 autem
662 1681 734 1745 telis
747 1683 894 1745 Panthus
911 1684 1043 1767 elapsus
1055 1684 1238 1771 Achivum,

396 1793 544 1853 Panthus
554 1789 746 1873 Dthryades
754 1834 765 1869 ,
779 1786 863 1851 areis
877 1788 1070 1871 Phoebique
1087 1794 1258 1876 sacerdos,

296 1888 300 1919 ⁸
395 1896 494 1957 Sacra
506 1914 623 1975 manu,
639 1889 810 1980 victosque
826 1891 929 1974 Deos,
946 1910 1156 1977 parvumque
1168 1898 1322 1977 nepotem

395 2002 470 2083 lpse
489 2000 604 2081 trahit,
623 2016 787 2081 cursuque
804 2017 918 2062 amens
931 1995 977 2061 ad
984 1998 1104 2063 limina
1118 2002 1235 2066 tendit.
1301 2006 1350 2063 sn

396 2103 1352 2188 Quoressummaloco,Panthuiquamprcndimusaroemi
1385 2087 1386 2090 ¹

395 2208 461 2273 Vix
475 2228 515 2271 ea
527 2206 613 2271 tatus
623 2228 734 2290 eram,
747 2207 873 2293 gemitu
888 2230 965 2271 eum
976 2210 1056 2276 talia
1067 2210 1196 2277 reddit:

327 2394 332 2401 ι
395 2312 497 2378 Venit
512 2330 643 2375 summa
656 2312 727 2378 dies
739 2322 771 2375 et
789 2313 1002 2378 ineluctabile
1021 2324 1151 2400 tempus

395 2419 595 2483 Dardaniae.
613 2421 752 2484 Fuimus
762 2424 865 2486 Troes
878 2444 887 2501 ;
900 2422 964 2486 fuit
976 2423 1093 2508 Ilium,
1109 2434 1142 2489 et
1153 2425 1273 2515 ingens
1385 2491 1386 2496 ,

395 2524 512 2587 Gloria
522 2526 739 2587 Teucrorum.
755 2526 856 2588 Ferus
874 2526 987 2591 omnia
1003 2529 1153 2613 luppiter
1162 2533 1269 2618 Argos

393 2626 586 2691 Transtulit.
600 2628 739 2691 Incensa
748 2621 858 2691 Danai
873 2630 1088 2695 dominantur
1098 2633 1136 2697 in
1150 2636 1245 2697 urhe.

395 2736 527 2799 Arduus
540 2741 684 2797 armatos
695 2733 814 2798 mediis
830 2734 868 2797 in
884 2736 1058 2800 moenibus
1075 2739 1209 2804 adstans

394 2837 516 2901 Fundit
532 2858 651 2920 equus,
668 2838 842 2920 victorque
852 2840 955 2904 Sinon
972 2842 1129 2908 incendia
1145 2845 1280 2930 miscet,

394 2949 569 3011 Insultans.
583 2947 688 3011 Portis
702 2948 761 3011 alii
774 2937 999 3031 bipatentibus
1013 2938 1157 3033 adsunt,

394 3050 504 3113 Millia
517 3061 598 3131 quot
614 3052 745 3139 magnis
763 3071 912 3136 unquam
930 3071 1051 3114 venere
1064 3053 1229 3137 Mycenis.

395 3161 562 3223 Obsedcre
575 3159 635 3221 alii
649 3158 722 3226 telis
738 3166 879 3245 angusta
892 3157 1033 3244 riarum.
1113 3166 1116 3172 '
1161 3176 1169 3190 ⁴

394 3266 564 3348 oppositi:
583 3276 647 3329 sut
658 3266 739 3330 ferri
752 3265 839 3331 acies
851 3281 1012 3329 mucrone
1025 3282 1164 3328 corusco

394 3369 526 3453 Stricta,
543 3380 658 3453 parata
674 3370 767 3433 neci:
784 3369 843 3434 vix
860 3366 961 3451 primi
973 3366 1102 3450 proelia
1117 3371 1247 3431 tentant

395 3478 568 3539 Portarum
581 3478 714 3563 vigiles,
730 3487 762 3541 et
775 3495 874 3542 caeco
888 3480 994 3539 Marte
1013 3475 1179 3541 resistunt.

286 3640 289 3647 .
393 3582 529 3646 Talibus
539 3584 734 3669 Othryadae
750 3584 847 3647 dictis
867 3590 901 3647 et
917 3580 1056 3645 numine
1074 3580 1199 3643 Divom
1295 3572 1303 3592 ⁶

392 3692 434 3753 In
443 3692 590 3753 flammas
600 3701 633 3754 et
647 3692 685 3754 in
700 3712 795 3754 arma
805 3691 911 3772 feror,
926 3709 994 3771 quo
1003 3688 1104 3751 tristis
1118 3687 1281 3769 Erinnys,
1385 3749 1387 3756 ,

395 3796 471 3881 Quo
480 3795 634 3863 tremitur
644 3806 758 3881 vorat,
771 3805 805 3861 et
811 3796 963 3860 sublatus
973 3795 1017 3860 ad
1024 3793 1158 3862 aethera
1167 3791 1300 3854 clamor·
