2809 4817
350 358 408 420 150
652 358 1004 423 aanaroos
1149 365 1274 442 mm
1374 309 1375 380 ³

345 498 405 579 Et,
419 516 565 561 summas
578 516 717 581 carpens
729 498 840 562 media
854 500 942 564 inter
961 521 1087 567 cornua
1099 512 1225 590 saetas,

346 602 485 693 Ignibus
497 602 641 690 imponit
650 605 766 688 sacris,
778 606 941 671 libamina
950 606 1077 691 prima,
1375 647 1376 654 κ

347 712 440 776 Voce
451 730 572 775 vocans
584 712 747 797 Hecaten,
762 715 933 794 coeloque
945 716 1120 796 Ereboque
1133 723 1313 799 potentem.
1375 723 1376 726 ’

349 818 549 901 Supponunt
559 816 618 881 alii
630 819 769 901 cultros,
787 820 1006 903 tepidumque
1019 840 1175 887 cruorem

349 922 540 1005 Suscipiunt
554 923 687 1006 pateris.
704 925 779 1007 Ipse
795 924 859 989 atri
876 926 1009 990 velleris
1022 918 1145 1013 agnam

349 1025 476 1089 Aeneas
489 1024 587 1089 matri
599 1028 823 1091 Eumenidum
838 1050 1048 1117 magnaeque
1060 1030 1169 1095 sorori

348 1128 437 1193 Ense
449 1127 541 1212 ferit,
559 1130 772 1213 sterilemque
786 1131 865 1214 tihi,
881 1132 1095 1217 Proserpina,
1109 1153 1260 1201 vaccam.

349 1233 438 1297 Tum
450 1232 567 1321 Stygio
580 1233 652 1319 regi
670 1245 849 1300 nocturnas
864 1235 1000 1299 inchoat
1012 1255 1100 1320 aras,

349 1338 391 1399 Et
403 1338 511 1403 solida
523 1337 666 1423 imponit
687 1350 858 1405 taurorum
869 1341 996 1406 viscera
1010 1340 1173 1423 nammis,

350 1441 479 1530 Pingue
493 1438 593 1527 super
603 1446 717 1507 oleum
727 1444 908 1509 infundens
918 1444 1115 1510 ardentibus
1126 1447 1219 1513 extis.

350 1549 574 1630 Peccantem,
588 1550 689 1633 primi
702 1554 765 1617 sub
784 1552 914 1615 lumina
925 1549 1005 1615 solis
1017 1560 1051 1617 et
1064 1563 1171 1636 ortus,
1269 1630 1272 1635 ι

349 1654 419 1717 Sub
428 1654 571 1737 pedibus
586 1656 717 1745 mugire
731 1660 853 1738 solunt,
868 1666 900 1721 et
914 1657 993 1745 iuga
1007 1668 1125 1741 coepta
1138 1656 1268 1723 moveri

349 1755 536 1840 Silvarum,
553 1759 709 1841 visaeque
725 1780 824 1825 canes
837 1763 967 1826 ululare
975 1784 1037 1847 per
1049 1764 1226 1845 umbram,

349 1863 559 1929 Adventante
570 1866 651 1929 Dea.
665 1868 833 1950 Proculo,
847 1869 965 1950 procul
975 1876 1057 1949 este,
1073 1866 1224 1951 profani,

350 1966 546 2031 Conclamat
561 1980 663 2051 vates,
683 1978 819 2053 totoque
838 1969 986 2033 absistite
999 1972 1093 2049 lu'co;

348 2073 469 2159 Tuque
479 2076 601 2139 invade
613 2076 720 2159 mam,
732 2076 918 2163 vaginaque
934 2075 1026 2159 eripe
1036 2074 1174 2139 ferrum.
1257 2074 1309 2137 ato

349 2184 448 2247 Nunc
460 2184 580 2249 animis
588 2187 830 2269 opus,Aenea,
851 2204 943 2249 nunc
957 2192 1093 2267 pectore
1105 2181 1217 2246 firmo.

348 2288 620 2377 Tantum'effata,
637 2292 752 2356 furens
763 2302 860 2354 anno
876 2311 910 2356 se
926 2290 1064 2355 immisit
1077 2301 1211 2375 aperto:

236 2428 239 2435 =
260 2378 264 2389 ⁸
348 2395 412 2461 Ille
428 2398 546 2461 ducem
558 2398 649 2461 haud
662 2396 786 2463 timidis
798 2400 975 2461 vadentem
986 2396 1136 2481 passibus
1144 2401 1272 2477 aequat.

391 2496 452 2586 Di,
466 2502 587 2587 quibua
597 2499 777 2589 imperium
789 2513 838 2568 est
846 2502 1055 2585 animarum,
1071 2500 1281 2582 Umbraequc

496 2675 500 2681 .
622 2693 624 2698 ,
882 2609 1033 2691 silentes,

349 2714 391 2779 Et
404 2714 527 2798 Chaos,
538 2722 570 2778 et
581 2714 806 2803 Phlegethon,
816 2716 890 2779 loca
903 2723 1001 2809 nocte
1014 2699 1157 2777 tacentia
1168 2712 1252 2792 late,

348 2818 491 2885 Sitmibi
503 2822 552 2886 fas
564 2824 676 2887 audita
690 2822 798 2905 loqui3
816 2821 875 2902 sit,
894 2819 1034 2885 numine
1051 2827 1182 2902 vestro,

348 2928 501 2990 Pandere
513 2946 566 2989 res
579 2927 647 2987 alta
662 2936 751 2989 terra
763 2933 797 2988 et
811 2924 953 3010 caligine
973 2943 1106 2987 mersas.

251 3074 255 3091 .
388 3029 488 3090 Ibant
505 3027 637 3091 obscuri
650 3029 722 3091 sola
735 3028 797 3091 sub
814 3037 910 3090 nocte
926 3046 988 3109 per
999 3028 1173 3108 umbram,

349 3136 479 3215 Perque
496 3136 613 3213 domos
625 3134 711 3198 Ditis
724 3154 858 3217 vacuas,
879 3144 912 3197 et
924 3131 1037 3219 inania
1049 3154 1164 3220 regna.
1181 3141 1188 3157 ‘

349 3239 459 3323 Quale
467 3260 528 3323 per
539 3239 701 3303 incertam
714 3240 831 3301 lunam
845 3238 908 3301 sub
918 3238 994 3300 luce
1008 3237 1159 3323 maligna

348 3341 406 3407 Est
415 3339 523 3406 iterin
535 3341 644 3419 silvis;
663 3341 725 3405 ubi
734 3342 865 3405 coelum
879 3340 1027 3407 condidit
1042 3342 1164 3404 umbra

349 3447 517 3531 Iuppiter,
528 3458 561 3512 et
572 3449 673 3513 rebus
685 3468 754 3512 nox
767 3448 902 3513 abstulit
914 3457 986 3511 atra
1003 3449 1161 3519 colorem.
1234 3518 1236 3521 ,

224 3569 228 3576 ·
351 3549 562 3617 Vestibulum
573 3560 650 3615 ante
658 3550 769 3635 ipsum
778 3549 1006 3635 primisquein
1018 3549 1170 3614 faucibus
1179 3545 1258 3614 Orci

350 3656 473 3721 Luctus
490 3656 666 3721 etnltrices
679 3677 820 3741 posuere
834 3656 959 3721 cubilia
975 3658 1101 3733 Curam

352 3762 744 3849 Pallentesquchabitant
756 3762 883 3848 Morbi,
897 3758 1063 3847 tristisque
1080 3760 1254 3841 Senectus,
