2809 4817
327 376 532 441 LIBER
573 376 639 442 vl.
680 394 805 456 mor.
996 380 1053 443 :tt

30 602 32 609 y
101 524 265 585 Aeternum
277 520 402 585 latrans
418 522 594 609 exsanguis
613 533 733 587 terreat
747 526 902 603 umbreae

103 632 185 693 Casta
201 628 279 693 licet
292 625 403 711 patrui
413 638 521 709 servet
532 629 731 711 Proserpina
741 628 856 693 limen.

101 732 205 799 Troius
218 735 360 815 Aeneas,
375 731 498 815 pietate
514 732 653 823 insignis
669 745 702 798 et
712 734 814 800 armis
898 808 901 815 ¹

101 842 143 903 td
157 839 344 927 genitorem·
351 836 436 901 imas
454 836 553 901 Erebi
566 839 736 901 descendit
749 841 794 901 ad
810 840 958 903 umbras.

102 946 129 1009 Si
143 956 169 1009 te
182 948 274 1011 nulla
292 953 405 1009 movet
424 954 534 1007 tantae
553 943 686 1028 pietatis
703 945 833 1034 imago,

102 1056 136 1115 lt
146 1074 272 1117 ramum
282 1055 374 1115 hunc
386 1049 517 1136 (aperit
529 1068 659 1115 ramum
670 1051 730 1133 qui
742 1063 832 1116 veste
849 1045 1007 1137 latebal)

101 1157 263 1249 ignoscas.
276 1151 419 1215 Tumida
429 1172 470 1215 ex
480 1151 530 1213 ira
542 1160 611 1229 tum
625 1153 727 1214 corda
735 1152 896 1216 residunt.

101 1261 156 1324 Nec
168 1262 265 1343 plura
277 1259 338 1321 his.
353 1260 414 1321 Ille
426 1256 594 1321 adarim
606 1256 797 1321 venerabile
811 1260 940 1321 donum

102 1365 206 1431 Fatalis
222 1364 350 1451 virgae,
366 1366 469 1449 longo
483 1374 560 1447 post
573 1372 723 1445 tempore
734 1363 861 1445 visum,

103 1472 281 1535 caeruleam
290 1470 431 1535 advertit
441 1469 598 1554 puppim,
612 1469 773 1553 ripaeque
781 1468 994 1553 propinquat.

101 1574 170 1639 lnde
184 1575 267 1641 alias
282 1575 421 1657 animas,
435 1594 520 1655 qnae
528 1594 588 1657 per
600 1572 681 1659 iuga
691 1575 794 1659 longa
802 1576 977 1657 sedebant,

102 1680 261 1764 Deturhat,
274 1682 429 1761 laxatque
438 1680 542 1743 loros:
559 1676 659 1743 simul
674 1677 795 1761 accipit
810 1680 906 1742 alveo

102 1783 258 1871 Ingentem
267 1786 412 1847 Aenean.
431 1782 565 1847 Gemuit
579 1786 641 1847 sub
651 1785 800 1867 pondere
818 1784 942 1866 cymba

102 1886 213 1971 Sutilis,
223 1897 256 1951 et
267 1889 409 1951 multam
417 1886 545 1971 accepit
560 1885 681 1951 rimosa
692 1888 860 1969 paludem.

101 1991 234 2056 Tandem
246 2002 333 2055 trans
344 1990 481 2055 fluvium
499 1990 679 2055 incolumis
691 2000 864 2069 vatemque
875 1982 1057 2065 virumque

101 2097 226 2163 Inlormi
240 2096 324 2161 limo
338 2098 522 2182 glaucaque
536 2094 674 2179 exponit
688 2094 726 2159 in
737 2095 828 2157 ulra.
990 2088 1052 2167 ,μθ

132 2205 286 2268 Cerberus
300 2197 506 2285 haecingens
518 2198 638 2260 latratu
653 2189 757 2280 regna
771 2189 904 2255 trifauci

100 2304 258 2387 Personat,
274 2306 414 2367 adverso
434 2304 599 2383 recubans
615 2298 772 2363 immanis
785 2298 827 2361 in
837 2306 947 2361 antro.

100 2409 152 2471 Cui
161 2422 263 2493 vates,
275 2413 412 2473 horrere
426 2408 545 2474 videns
555 2406 624 2469 iam
636 2406 724 2469 colla
732 2403 891 2485 colubris,

99 2522 185 2584 Melle
195 2530 385 2604 soporatam
402 2528 435 2582 et
450 2513 792 2601 medicatis-frugibus
804 2507 909 2575 offam

100 2624 309 2703 obiiciente,
325 2622 413 2685 fame
423 2619 540 2685 rabida
550 2618 613 2683 tria
627 2628 763 2704 guttura
775 2614 939 2698 pandens,

99 2733 230 2818 Corripit
240 2733 419 2814 obiectam,
440 2742 539 2813 atque
553 2726 717 2793 immania
731 2736 823 2813 terga
835 2715 973 2787 resolvit

98 2838 187 2903 Fusus
200 2839 317 2922 humi,
332 2846 466 2919 totoque
482 2836 600 2924 ingens
616 2831 806 2898 extenditur
818 2837 927 2892 antro.
966 2851 968 2855 ·

100 2946 236 3030 Occupat
252 2950 379 3011 Aeneas
393 2945 521 3009 aditum
534 2944 670 3009 custode
684 2942 833 3025 sepulto,

99 3050 267 3135 Evaditque
281 3052 368 3117 celer
383 3050 491 3135 ripam
502 3048 721 3115 irremeabilis
732 3050 852 3111 undae.

133 3160 293 3223 Continuo
306 3158 440 3223 auditae
451 3178 564 3240 voces,
582 3156 712 3242 vagitus
724 3153 900 3239 etingens,

99 3260 319 3346 Inlantumque
331 3262 463 3333 animae
477 3266 607 3345 flentes,
620 3261 659 3325 in
669 3259 787 3323 limine
798 3258 926 3342 primos

101 3364 180 3447 Quos
196 3367 301 3433 duleis
311 3367 399 3431 vitae
413 3365 569 3446 exsertis,
582 3374 614 3428 et
627 3366 670 3427 ab
681 3361 785 3427 ubere
796 3371 927 3444 raptos,

100 3470 227 3537 Abstulit
235 3482 308 3537 atra
324 3472 417 3554 dies,
432 3482 464 3535 et
477 3471 594 3534 funere
609 3468 724 3535 mersit
740 3455 871 3531 acerbo.

99 3572 158 3639 Hos
169 3576 260 3641 iuxta
272 3578 356 3643 falso
373 3573 522 3641 damnati
540 3571 679 3639 crineine
696 3571 823 3637 mortis.
900 3586 905 3593 ·

99 3681 156 3745 Nec
164 3705 241 3751 vero
254 3688 318 3749 hae
332 3686 405 3749 sine
414 3694 501 3749 sorte
515 3684 628 3764 datae,
645 3682 718 3745 sin'e
729 3680 858 3762 iudice,
867 3678 985 3751 sedes·¹

100 3784 262 3870 Quaesitor
270 3788 381 3859 Minos
392 3808 513 3857 urnam
522 3794 655 3861 movet:
672 3784 733 3853 ille
748 3783 907 3853 silentum
