2809 4817
333 368 560 433 *LIBER
599 368 639 433 V·
679 382 804 448 naqa.
1005 376 1062 439 aaa

101 516 206 583 Aer-ea
215 512 498 595 quemobllquum
510 520 581 573 rota
591 511 732 591 transilt3
744 519 803 575 aut
810 512 920 599 gravis
931 511 1000 579 ictu

101 619 304 684 Seminecem
316 617 415 698 liquit
427 636 507 679 saxo
524 620 735 698 lacerumque
750 619 875 698 victorq

102 710 328 803 Nequidquam
341 724 458 807 longos
470 720 599 809 lugiens
612 722 667 791 dat
678 742 818 806 corpore
829 733 952 807 tortus,
967 735 970 741 '
988 801 992 806 ¹

103 829 194 891 Parte
209 826 316 905 ferox,
333 826 516 904 ardensque
529 820 633 886 oculis
643 833 701 904 ,et
708 823 806 890 sibila
818 826 904 887 colla

104 932 230 995 Arduus
241 930 409 1006 attollens;
422 946 497 1011 pars
513 928 650 991 volnera
662 930 780 991 clauda
796 922 936 993 ¹retentat

104 1035 277 1111 Nexanteqn
289 1031 401 1111 nodis,
417 1051 517 1113 seque
527 1030 564 1093 iu
578 1050 638 1095 sua
650 1033 800 1097 membra
809 1033 1000 1115 plicantem·

105 1138 174 1201 Tali
188 1135 329 1222 remigio
344 1134 438 1200 navis
449 1154 486 1198 se*
499 1138 592 1197 tarda
604 1137 777 1200 movebat:
804 1170 810 1181 ·

105 1248 182 1312 Vela
196 1245 273 1310 iacit
289 1256 425 1326 tamena
435 1252 467 1307 et
482 1242 565 1305 uelis
583 1243 670 1307 subit
688 1244 772 1307 ostia
784 1244 903 1325 plenis.

107 1356 283 1439 Sergestum
295 1353 420 1415 Aeneas
430 1350 591 1433 promisso
603 1372 742 1416 munere
757 1354 875 1433 donat,

109 1463 266 1524 Servatam
278 1462 322 1523 ub
334 1454 454 1523 navem
472 1461 576 1523 laetus
593 1458 763 1543 sociosque
782 1463 944 1524 reductos.

110 1565 170 1633 Olli
178 1584 271 1629 serva
286 1568 399 1647 dcitur,
421 1586 560 1649 operum
575 1569 665 1628 haud
680 1566 797 1652 ignara
808 1568 993 1649 Minervae,

110 1676 209 1738 Cressa
221 1694 327 1761 genus
337 1675 479 1754 Pholoe,
496 1672 688 1758 geminique
703 1675 765 1736 sub
779 1674 879 1737 ubere
896 1673 977 1736 nati.

143 1780 209 1841 Hoc
222 1776 298 1861 pius
315 1780 440 1844 Aeneas
459 1775 558 1839 misso
574 1775 752 1843 certamine
772 1775 877 1838 tendit

109 1883 355 1947 Gramineumin
365 1902 528 1965 campum,
538 1902 637 1963 quem
646 1881 1059 1967 callibusuudiquecuruis

109 1978 282 2077 Cingulant
293 1989 413 2055 silvae:
426 1989 602 2071 mediaque
614 1990 651 2053 in
666 1991 755 2053 valle
769 1990 890 2071 theatri

109 2098 306 2179 diremerat,
326 2116 393 2178 quo
404 2116 439 2161 se
448 2096 561 2163 multis
574 2118 650 2169 cum
660 2096 808 2163 millibus
819 2100 917 2161 heros
996 2102 1055 2184 ²⁸9

111 2204 253 2267 consessu
271 2202 421 2266 medium
438 2202 514 2265 tulit
529 2212 759 2282 exstructoque
774 2204 905 2266 resedit.

76 2332 80 2342 ·
110 2299 176 2391 llic,
193 2309 251 2390 qui
263 2308 348 2371 forte
361 2306 467 2371 velint
480 2307 597 2389 rapido
611 2308 809 2372 contendere
825 2327 939 2393 cursu,

109 2415 215 2480 Invitat
232 2415 346 2501 pretiis
361 2416 506 2497 animos,
522 2426 555 2479 et
573 2415 720 2499 praemia
732 2415 836 2497 ponit.
900 2456 903 2461 -
938 2458 942 2468 ·

110 2518 248 2603 Undique
261 2523 464 2591 conveniunt
477 2519 613 2603 Teucri,
632 2518 793 2605 mixtique
804 2519 931 2601 Sicani3

111 2628 192 2694 Nisus
207 2640 237 2694 et
252 2632 417 2713 Euryalus
432 2627 549 2714 primis

110 2732 258 2817 Euryalus
274 2736 383 2799 forma
397 2732 535 2819 insignis
547 2732 712 2815 viridique
724 2730 874 2814 iuventa,

110 2836 191 2901 Nisus
201 2860 314 2902 amore
325 2836 382 2921 pio
395 2838 510 2921 puerit
527 2842 609 2920 qu'os
620 2838 741 2902 deinde
755 2849 888 2903 secutus

110 2940 215 3027 Regius
229 2944 363 3031 egregia
376 2941 499 3009 Priami
511 2946 558 3014 de
567 2944 668 3027 stirpe
684 2944 820 3021 Diores3
883 2968 887 2976 ⁴

110 3044 320 3128 HunuSalius‚
333 3048 433 3111 simul
443 3058 475 3111 et
485 3051 620 3123 Patren:
638 3069 781 3129 quarum
791 3050 876 3112 alter
882 3051 1052 3134 Acarnan,

110 3148 186 3213 Alter
198 3154 239 3216 ab
248 3153 390 3217 Arcadio
400 3156 566 3241 Tegeaeae
578 3156 738 3243 sanguine
753 3157 875 3243 gentis:

110 3256 184 3323 Tum
191 3262 256 3323 duo
267 3260 433 3326 Trinacrii
442 3262 589 3343 iuvenes,
605 3263 769 3344 Helymus
781 3265 1011 3349 Panopesque,
1081 3270 1094 3325 .‘

109 3362 228 3427 Adsueti
235 3366 347 3448 -silvis,
363 3366 497 3431 comites
510 3367 810 3433 seniorislleertae:

109 3466 193 3533 Multi
202 3481 386 3554 praeterea,
401 3492 483 3553 quos
492 3472 581 3535 fama
595 3474 734 3537 obscura
744 3474 903 3538 recondit.

95 3574 221 3641 leneas
234 3578 353 3661 quibus
365 3578 402 3641 in
413 3578 531 3643 mediis
544 3578 591 3643 sic
605 3580 724 3660 deinde
737 3583 884 3646 loeutus:

109 3680 239 3766 Accipite
251 3686 334 3749 haec
346 3685 480 3768 animis,
494 3689 661 3769 laetasque
676 3689 837 3752 advertite
848 3688 977 3754 mentia

110 3784 200 3851 Nemo
211 3812 250 3855 ex
263 3795 328 3857 hoo
339 3814 478 3860 numero
493 3794 578 3861 mihi
590 3814 661 3863 nou
675 3795 816 3862 donatus
828 3793 941 3859 abibit
1054 3882 1056 3888 Ι
1074 3841 1077 3847 .
