2809 4817
404 369 430 430 C
450 366 466 427 l
485 367 516 428 R
535 366 551 427 l
572 367 603 428 S.
644 386 676 426 r.
697 365 764 441 245,
1008 370 1067 430 368

101 513 171 574 Per
188 506 249 572 tibi
259 507 448 590 Dictynnae
460 505 644 592 praesentia
659 504 896 588 nummulum,
982 527 985 538 ’

101 617 217 680 Prima
228 614 336 678 Derim
346 635 432 694 quae
445 624 477 676 te
491 614 574 674 mihi
584 615 716 675 dulcem
726 613 828 676 donat
841 616 1029 697 alumnam,

102 722 233 788 Omnia
246 743 300 782 mc
309 713 419 802 potius
428 720 529 806 digna
539 729 636 799 atque
648 718 788 804 indigna
800 721 955 784 laborum

100 829 215 895 Millia
224 827 386 908 visuram,
403 845 505 907 quam
517 838 548 892 te
559 835 626 889 tam
640 825 787 890 tristibus
798 826 867 890 istis

103 933 267 997 Sordibus
275 943 309 995 ct
319 933 426 995 scoria
440 932 547 1015 patiar
559 935 724 995 tabescere
735 933 804 996 tali.

144 1037 412 1118 Haecloquitur:
426 1035 586 1117 mollique
595 1048 634 1099 ut
645 1059 682 1100 se
694 1037 818 1101 velavit
830 1037 973 1122 amictu,
1038 1020 1040 1024 ’

102 1141 314 1226 Frigidulam
324 1140 444 1204 iniecta
454 1142 637 1204 circumdat
648 1149 736 1204 veste
752 1143 917 1224 puellam,

103 1248 202 1333 Quae
216 1244 309 1328 prius
323 1244 359 1306 in
372 1245 463 1307 tenui
476 1256 608 1308 steterat
626 1247 793 1312 succincta
814 1265 948 1311 corona.

103 1352 229 1414 Dulcia
242 1351 362 1414 deinde
377 1353 470 1439 genis
487 1353 674 1415 rorantibus
692 1357 804 1417 oscula
823 1355 942 1440 figens,

103 1457 319 1539 Persequitur
330 1461 473 1523 misene
485 1481 597 1523 causas
612 1460 783 1540 exquirere
807 1461 906 1537 tabis3

103 1566 177 1625 Nec
186 1571 298 1623 tamen
306 1572 383 1624 ante
396 1564 480 1625 ullas
490 1561 614 1645 patitur
626 1561 691 1624 sibi
701 1563 840 1624 reddere
851 1582 968 1644 voces,

104 1672 335 1733 Marmoreum
348 1671 562 1731 tremebunda
571 1671 799 1751 pedemquam
809 1669 921 1731 retulit
930 1669 1027 1730 intra.

104 1774 171 1834 Illa
182 1783 310 1852 autem,
320 1753 410 1858 Quid
419 1795 509 1835 nuuc
520 1795 582 1854 me,
599 1773 719 1854 inquit,
729 1773 904 1854 nutricula,
916 1775 1079 1854 torquosi·

104 1875 201 1960 Quid
216 1884 342 1937 tantum
351 1897 509 1959 properas
519 1891 646 1941 nostros
655 1879 784 1944 novisse
797 1881 950 1942 furores?

104 1985 185 2051 Nou
196 2001 260 2067 ego
271 1991 428 2044 consueto
437 1983 633 2045 mortalibus
645 2004 725 2046 uror
737 2005 867 2064 amore,

105 2090 178 2149 Nec
194 2087 277 2147 mihi
293 2091 447 2148 notorum
464 2089 641 2150 deflectunt
656 2086 785 2150 lumina
802 2090 924 2168 voltus,
1011 2091 1071 2149 260
1179 2129 1181 2134 .

106 2193 178 2252 Nec
192 2190 324 2278 genitor
340 2189 432 2251 cordi
442 2200 505 2252 est:
521 2193 609 2252 ultro
622 2210 767 2269 namque
777 2189 908 2252 odimus
921 2189 1037 2252 omnis.
1150 2249 1162 2272 ,

107 2297 166 2359 Nil
179 2295 335 2358 amathic
345 2294 497 2375 animus,
509 2295 634 2376 nutrix,
647 2297 737 2375 quod
748 2302 876 2376 oportet
886 2291 1006 2375 amari,
1039 2311 1042 2318 ’

107 2406 151 2466 In
165 2423 233 2484 quo
243 2402 324 2465 falsa
335 2411 445 2464 tamen
454 2403 554 2463 lateat
564 2400 693 2482 pietatis
706 2400 834 2486 imago:
1059 2379 1062 2388 ¹

109 2510 176 2570 Sed
187 2505 297 2568 media
311 2505 449 2585 eraclo,
460 2503 793 2568 mediiscxhostibus.
804 2505 900 2584 Heu,
911 2507 996 2586 heu,

111 2616 205 2700 Quid
216 2613 345 2676 dicam?
356 2632 466 2692 quove
478 2613 548 2695 ipsa
559 2613 685 2674 malum
697 2615 762 2675 hoc
771 2613 923 2676 exordiar
932 2615 1013 2675 ore?

112 2701 394 2800 Dicam'cquidem
407 2742 415 2781 ε
428 2718 586 2799 quoniam
596 2717 677 2798 quid
689 2726 723 2778 tu
734 2717 794 2781 tihi
808 2720 933 2798 dicere,
943 2717 1072 2802 nutrix,

112 2831 190 2890 Non
201 2825 296 2903 sinis;
306 2835 487 2888 extremum
497 2827 562 2899 hoc
571 2843 691 2886 munus
702 2823 871 2886 morientis
879 2825 1010 2885 habeto

112 2935 191 3014 lllc,
201 2931 307 3013 vides,
321 2933 438 3014 nostris
447 2933 505 3013 qui
515 2931 689 2994 moenibus
700 2931 826 2994 adsidet
836 2929 956 3013 hostis,

114 3041 224 3123 Quem
240 3045 334 3118 pater
342 3035 413 3116 ipse
424 3032 531 3095 Deirm
543 3035 661 3115 sceptri
676 3032 812 3097 donavit
829 3037 970 3116 honore,

115 3141 181 3204 Cui
191 3143 311 3202 Parcae
325 3137 468 3201 tribuere
479 3159 539 3199 nco
551 3140 621 3200 ullo
634 3140 769 3199 volnere
783 3133 889 3200 laedi:

115 3236 304 3308 Dicendum
314 3254 376 3324 est,
392 3245 512 3305 frustra
525 3243 754 3308 circumvehur
774 3241 887 3304 omnia
904 3243 1031 3325 verbis,

114 3349 179 3410 Ille
193 3367 282 3428 mea,
293 3345 351 3410 ille
364 3344 452 3406 idem
463 3351 633 3429 oppugnat
644 3343 838 3424 praecordia
854 3345 973 3408 Minos.

117 3457 219 3542 Quod
235 3464 265 3517 te
275 3475 336 3536 per
347 3451 470 3515 Dirdm
485 3454 615 3514 crebros
628 3453 773 3516 obtestor
789 3468 932 3537 amores,

116 3567 247 3641 Perque
256 3569 350 3624 tuum
362 3558 517 3622 memoris
525 3561 678 3621 haustum
690 3560 773 3622 mihi
785 3571 898 3642 pectus
911 3561 1074 3647 alumnae,

38 3656 40 3659 ’
119 3669 164 3728 Ut
178 3685 246 3745 me,
258 3665 423 3727 siservare
433 3674 541 3746 potes,
559 3684 603 3727 ne
617 3664 755 3747 perdere
765 3665 869 3731 malis.

121 3768 179 3836 stu
191 3779 302 3833 nutem
317 3777 448 3852 optatae
460 3788 533 3852 spes
541 3779 593 3849 ,est
602 3767 705 3836 incisa
722 3773 849 3853 salutis3
