2809 4817
383 446 441 521 sqq
683 430 1034 496 AENE'IDOS
1181 452 1298 516 ιω.

380 578 487 645 Curru
500 571 609 662 iungit
619 573 779 638 Halaesus
786 592 905 655 equos,
914 574 1096 655 Turnoque
1110 573 1236 672 feroces

379 675 472 745 Mille
485 676 574 760 repit
585 676 743 759 populos:
759 684 893 739 vertunt
904 673 1016 737 felicio
1028 678 1158 741 Baccho
1290 720 1304 750 .

379 782 517 850 unctu
535 778 593 862 qui
607 780 734 859 rastria3
744 786 777 842 et
787 797 870 861 quos
878 780 921 841 de
932 777 1074 843 collibus
1085 781 1160 847 ctt‘u

378 881 526 951 Aurunci
545 877 664 946 misere
675 878 1021 965 percussorumque
1032 880 1125 945 iuxta
1161 955 1165 963 .

377 991 548 1069 Aequom
564 984 688 1069 quique
698 985 793 1049 Cales
802 982 975 1066 linquunt,
985 982 1158 1065 amnisque
1167 988 1280 1053 uadosi

377 1092 498 1159 Accola
507 1088 677 1171 Volturci,
689 1087 879 1175 pariterque
888 1088 1050 1155 Saticulus
1058 1110 1176 1177 asper,

377 1204 605 1283 Oscorumque
618 1218 747 1263 manus.
764 1200 897 1263 Teretes
905 1209 985 1267 aunt
995 1204 1131 1285 aclydes
1141 1202 1211 1271 illis

375 1308 474 1371 Tela:
485 1308 544 1371 sed
556 1308 639 1369 baec
648 1306 740 1369 lento
754 1323 826 1367 mos
839 1314 889 1368 est
898 1312 1013 1395 aptare
1028 1308 1171 1395 flagello.

374 1414 500 1477 Laevas
514 1421 622 1475 caetra
634 1410 732 1499 tegit3
743 1409 855 1473 falcati
872 1408 1057 1475 comminus
1066 1430 1170 1477 entes.

415 1517 483 1579 Nec
494 1523 529 1577 tu
544 1514 748 1578 carminibus
760 1512 881 1577 uostris
892 1512 1038 1578 indictus
1048 1512 1172 1597 abibis,

375 1618 519 1684 Oebalez
535 1638 635 1700 quem
647 1636 822 1703 geueme
829 1618 934 1681 Telon
946 1618 1123 1681 Sebethide
1137 1621 1283 1707 nympha

373 1724 502 1804 Fertur,
511 1722 696 1785 Teleboum
705 1724 849 1804 Capreas
859 1740 934 1785 eum
945 1738 1049 1805 regna
1064 1728 1190 1785 teneret

372 1828 443 1891 Iam
453 1826 579 1907 senior3
595 1826 711 1911 patriis
725 1828 783 1890 sed
796 1845 865 1889 non
877 1836 911 1909 et
925 1824 1014 1890 fitius
1025 1825 1113 1890 arvis

373 1940 569 2021 Contentus,
580 1940 646 2001 late
659 1937 728 2000 iam
742 1947 812 1999 tum
826 1936 951 2000 ditione
964 1939 1139 2020 premebat

371 2045 525 2109 Sarrastis
537 2045 692 2129 populos,
705 2044 739 2107 et
752 2062 838 2123 quae
852 2043 938 2131 rigat
949 2064 1096 2125 aequora
1104 2022 1240 2132 Sarnus,

371 2150 504 2237 Quique
519 2152 641 2217 Rul'ras
656 2150 878 2231 Batulumque
893 2160 1005 2215 tenent
1020 2162 1121 2232 atque
1135 2172 1217 2220 arra

915 2255 1094 2337 (telenum,
1266 2263 1314 2342 tlt

370 2362 411 2426 Et
423 2382 507 2445 quos
519 2362 690 2427 maliferae
699 2363 888 2445 despectant
902 2359 1036 2424 moenia
1049 2362 1205 2429 Abellam

369 2467 553 2531 Teutonico
566 2468 631 2531 ritu
642 2466 733 2531 soliti
744 2478 897 2549 torquere
911 2466 1049 2546 cateiam
1142 2486 1145 2493 ·

369 2556 618 2657 Tegmiua'quis
628 2570 773 2654 capitum
786 2581 898 2656 raptus
910 2574 953 2636 de
961 2576 1081 2637 subere
1092 2584 1220 2657 corten

369 2676 571 2773 durataeque
581 2676 705 2741 micant
714 2677 948 2762 peltae,rnioat
960 2700 1075 2746 aereus
1084 2678 1236 2749 ensic'
1364 2655 1366 2748 i

408 2784 450 2845 Et
460 2790 492 2846 te
504 2792 674 2847 montosae
686 2780 804 2872 misere
816 2780 853 2844 in
864 2782 993 2865 proelia
1006 2786 1143 2869 Nersae,

369 2884 661 2971 Ufens‚intignem
671 2886 760 2949 fama
770 2895 804 2949 et
813 2886 1097 2955 felicibusarmitt

367 2990 513 3056 Horrida
521 2993 700 3076 praecipue
713 2992 768 3058 cui
778 3015 877 3082 gens,
888 2999 1090 3084 adsuetaque
1101 3003 1207 3067 multo

367 3094 498 3161 Venatu
510 3115 699 3180 nemorum,
713 3098 804 3161 duris
813 3097 997 3179 Aequicula
1008 3087 1127 3187 glebis.

367 3199 495 3264 Armati
510 3210 630 3265 terram
644 3212 815 3285 exercent,
824 3224 1019 3289 semperque
1030 3210 1174 3275 recentis

368 3306 570 3368 convectare
583 3301 675 3367 iuvat
687 3306 842 3387 praedas,
852 3317 886 3368 et
895 3306 1006 3371 vivere
1016 3317 1124 3393 rapto.
1219 3388 1234 3396 -

406 3404 497 3489 Quin
508 3415 540 3471 et
550 3405 721 3469 Marrubia
730 3405 822 3470 venit
832 3408 874 3469 de
887 3418 987 3495 gente
995 3414 1164 3496 sacerdos,

365 3510 496 3575 Fronde
503 3530 603 3595 super
614 3515 745 3599 galeam
756 3525 790 3577 et
799 3515 889 3579 felici
903 3526 1032 3583 comtos
1042 3519 1148 3602 oliva,

363 3612 525 3697 Archippi
536 3614 625 3701 regis
632 3616 752 3702 missu,
765 3620 958 3687 fortissimus
966 3624 1108 3687 Umbros

362 3710 508 3799 vipereo
516 3718 630 3805 generi
639 3728 673 3783 et
680 3721 1035 3807 graviterspirautibus
1047 3726 1165 3809 hydris

364 3820 525 3910 Spargere
536 3822 594 3906 qui
605 3841 740 3893 somnos
757 3838 923 3912 cantuque
937 3848 1106 3911 manuque
1115 3828 1253 3908 solebat,
