2809 4817
343 396 552 462 menn
591 400 632 463 x.
672 396 795 467 tera.
993 410 1052 492 2⁶9
1128 472 1132 479 ,

80 542 185 603 Forte
200 537 278 604 ratis
289 538 374 603 celsi
389 539 566 605 coniuncta
580 540 749 625 crepidine
759 543 831 608 saxi
916 559 923 578 ‘
951 594 954 601 .

46 706 50 713 .
79 645 251 729 Expositis
264 647 371 708 stabnt
382 644 478 709 scalis
490 691 499 728 ,
513 655 546 711 ct
559 656 660 731 ponte
677 646 814 733 parat63

82 754 160 835 Qua
176 770 237 813 rex
247 748 389 813 Clusinis
402 751 557 815 advectus
570 751 706 843 Osinius
720 756 795 821 oris.

81 858 160 917 Huc
179 874 248 917 sese
260 854 388 935 trepida
397 856 527 919 Aeneae
539 856 696 945 fugientis
708 860 819 949 imago

19 1016 21 1023 .
84 958 232 1021 coniicit
248 958 283 1021 in
299 959 440 1021 latebras
450 978 459 1020 ι
470 980 533 1023 nec
542 961 678 1023 Turnus
691 962 823 1046 segnior
835 961 951 1045 instat3

83 1066 334 1147 Exsuperatque
350 1082 475 1147 moras,
485 1075 518 1128 et
533 1067 643 1149 pontis
658 1066 799 1131 transitit
812 1070 907 1133 altos.

86 1169 152 1234 Vix
167 1188 302 1251 proram
316 1154 486 1255 attigeram
499 1170 624 1255 rumpit
636 1172 789 1235 Saturnia
803 1172 937 1255 funem,

87 1276 311 1357 Avolsnmque
320 1276 406 1360 repit
417 1278 566 1339 revoluta
578 1296 639 1359 per
653 1296 799 1356 aequora
811 1296 941 1341 navem.

87 1383 175 1443 Tum
185 1380 269 1445 levis
278 1383 368 1444 haud
380 1384 466 1444 ultre
479 1381 621 1445 tatehns
635 1380 702 1446 iam
717 1380 845 1460 quaerit
855 1380 980 1467 imago,
1075 1424 1086 1436 ·

73 1489 150 1549 .Sed
166 1486 308 1551 sublime
324 1488 439 1549 volans
452 1482 536 1547 nubi
547 1502 582 1548 sc
597 1482 776 1551 immiscuit
791 1495 891 1548 atrae.

87 1594 189 1656 Illum
201 1601 313 1655 autem
322 1595 448 1655 Aeneas
463 1592 632 1655 absentem
645 1589 682 1653 in
695 1590 824 1673 praetia
834 1589 957 1673 poscit3

91 1694 199 1757 Obvia
213 1696 317 1757 multa
331 1692 441 1757 virdm
457 1691 598 1757 demittit
613 1712 754 1775 corpora
767 1692 888 1775 morti3

90 1802 173 1863 Cum
184 1802 337 1865 Turnum
346 1800 456 1864 medio
467 1800 593 1867 interea
605 1803 669 1867 fert
683 1822 828 1884 aequore
840 1808 950 1871 turbo.
1030 1889 1034 1897 ¹

90 1909 235 1993 Respicit
245 1910 379 1996 ignarus
391 1931 518 1993 rerum,
532 1910 748 1997 ingratusque
763 1911 892 1994 salutis,

90 2018 128 2080 Et
140 2016 284 2100 duplicis
297 2038 371 2081 cum
382 2036 464 2081 voce
481 2036 599 2080 manus
613 2019 655 2108 nd
667 2017 776 2079 sidera
789 2016 911 2079 tendit:
992 2021 1052 2099 667

95 2122 311 2205 Omnipotens
321 2122 469 2208 genitor,
478 2124 604 2185 tanton’
613 2142 667 2183 me
682 2121 822 2184 crimine
837 2120 977 2206 dignum

92 2228 240 2309 Duxisti,
252 2240 284 2293 et
297 2228 370 2293 talis
381 2227 514 2293 voluisti
527 2228 714 2311 expendere
727 2228 878 2308 poenus?

94 2337 166 2420 Quo
175 2336 283 2398 feror?
291 2337 379 2399 unde
389 2334 478 2398 abiit
488 2354 574 2416 qune
583 2354 637 2397 me
649 2334 738 2421 iuga,
749 2352 890 2415 quemve
899 2336 1053 2399 reducet?

93 2439 306 2503 Laurentisne
320 2439 442 2502 iterum
452 2459 565 2503 muros
578 2448 636 2501 aut
649 2449 752 2504 eastra
767 2436 910 2501 videbo?

94 2544 182 2629 Quid
192 2564 310 2607 manus
317 2544 375 2607 illa
386 2542 511 2626 virum,
521 2542 578 2625 qui
586 2564 640 2607 me
649 2561 887 2625 meaquearma
896 2541 1020 2606 secuti?

93 2646 369 2730 Quosne(nefas)
380 2646 489 2711 omnis
499 2646 635 2711 inferum
648 2648 685 2710 in
699 2657 807 2711 morte
819 2646 962 2727 reliqui?

92 2753 131 2814 Et
139 2773 231 2816 nune
240 2738 380 2836 palantis
387 2753 502 2837 video,
512 2754 740 2841 gemitumque
752 2757 928 2819 cadentum

93 2856 238 2939 Accipio.
255 2854 345 2940 Quid
353 2858 506 2940 ngoi’nut
515 2876 599 2938 quae
609 2856 677 2920 iam
687 2856 766 2920 satis
779 2856 848 2919 ima
857 2856 1004 2921 dehiscat

93 2962 193 3024 Terra
207 2944 312 3023 mihi?
323 2980 382 3025 vos
394 2981 416 3026 0
426 2962 537 3045 potius
548 2964 883 3048 miserescite,venti,

93 3066 130 3128 In
143 3086 261 3149 rupes,
271 3062 394 3131 in'snxa
405 3066 543 3149 (votens
552 3088 612 3133 vos
620 3072 754 3133 Turnus
766 3069 893 3154 adoro)

94 3172 187 3237 Ferte
201 3187 322 3258 ratem,
332 3175 503 3256 saevisque
514 3158 607 3240 undis
620 3177 788 3242 immittite
797 3179 921 3262 Syrtis,

94 3280 169 3361 Quo
182 3298 290 3358 neque
300 3298 353 3341 me
364 3278 498 3361 Rutuli,
508 3300 569 3343 nec
579 3276 710 3345 conseia
724 3282 811 3344 fama
822 3289 987 3362 sequatur.

94 3382 185 3444 Haec
192 3401 388 3463 memorans,
396 3368 509 3447 auimo
519 3404 606 3447 nune
617 3387 693 3467 huc,
702 3408 792 3449 nune
800 3388 935 3448 fluctuat
946 3386 1044 3464 iliuc;

92 3490 145 3549 An
159 3509 230 3551 sese
243 3508 402 3551 mucrone
417 3492 460 3553 ob
478 3500 606 3553 tantum
616 3492 758 3556 dedecus
768 3488 883 3555 amens

93 3592 230 3673 Induat,
244 3602 276 3654 et
289 3596 427 3657 crudum
439 3616 500 3678 per
512 3604 616 3657 costas
626 3595 735 3682 exigat
751 3618 882 3659 ensem:

94 3697 264 3761 Fluctibus
277 3720 321 3761 an
335 3698 432 3762 iaciat
446 3700 577 3781 mediis,
590 3709 621 3762 et
631 3701 731 3765 'litora
748 3704 860 3765 nando

95 3804 204 3865 Curva
212 3812 312 3885 petat,
320 3804 550 3887 Teucrumque
558 3804 679 3873 iterum
689 3826 724 3869 sc
732 3810 849 3872 reddat
861 3808 898 3871 in
911 3826 1015 3876 arma.
