2809 4817
252 384 257 391 ’
350 386 393 450 ee
646 354 1008 441 'suneioos
1150 341 1288 459 aas,
1383 375 1384 430 t

347 527 515 613 Tollimur
527 526 563 591 in
577 528 709 592 eoelum
726 533 863 589 curvato
881 525 1029 615 gurgite,
1046 533 1080 589 et
1091 518 1187 591 idem·

349 636 519 699 Subducta
534 635 579 696 ad
591 630 700 695 Manis
716 630 802 693 imos
815 628 997 695 desidimus
1014 633 1115 693 unda.

348 742 415 803 Ter
424 738 554 827 scopuli
565 741 745 803 clamorem
757 737 844 801 inter
862 755 945 801 cava
955 756 1035 801 saxa
1045 738 1186 801 dederes

349 849 416 911 Ter
425 866 578 933 spumam
592 845 708 909 elisam
721 855 753 907 et
769 842 919 907 rorantia
932 843 1079 907 vidimus
1093 852 1198 908 astra.
1253 840 1275 905 '.

350 954 482 1017 Interea
497 950 600 1015 fessos
612 959 730 1013 veritus
744 969 821 1011 eum
835 950 906 1011 sole
921 947 1075 1030 reliquit;

351 1054 533 1143 Ignarique
546 1050 620 1117 viae
632 1052 819 1134 Cyclopum
829 1049 1020 1114 adlabimur
1034 1049 1111 1115 oris.

394 1164 512 1224 Portus
522 1160 564 1221 ab
575 1177 707 1223 accessu
717 1165 894 1219 ventorum
906 1154 1080 1240 immotus,
1091 1168 1125 1221 et
1138 1156 1266 1245 ingens

353 1266 446 1351 Ipse3
461 1266 521 1331 sed
529 1260 692 1327 horrificis
706 1262 799 1325 iuxta
813 1271 906 1325 tonat
917 1264 1023 1326 Aetna
1035 1264 1158 1347 ruinis,

353 1372 594 1451 Interdumque
604 1378 712 1432 atram
724 1367 912 1458 prorumpit
926 1368 970 1431 ad
984 1372 1118 1433 aethera
1130 1373 1263 1435 nubem
1270 1406 1288 1454 ,-

354 1475 503 1540 Turbine
515 1476 701 1539 fumantem
715 1471 812 1556 piceo
825 1483 858 1536 et
871 1476 1035 1540 candente
1046 1477 1180 1557 favilla3
1211 1508 1216 1513 ·

353 1579 549 1659 Attollitque
559 1580 676 1663 globos
686 1578 914 1660 flammarum,
928 1588 961 1641 et
970 1580 1081 1646 sidera
1094 1583 1234 1649 lambits

353 1684 527 1751 Interdum
541 1686 695 1769 scopulos
709 1687 889 1767 avolsaque
902 1686 1030 1753 viscera
1042 1689 1165 1754 montis

353 1793 463 1881 Erigit
482 1805 650 1877 eructans,
667 1793 909 1877 liquefactaque
927 1816 1007 1859 saxa
1023 1800 1087 1861 sub
1102 1816 1204 1861 auras

357 1902 444 1963 Cum
458 1898 582 1987 gemitu
600 1902 782 1987 glomerat,
799 1901 971 1984 fundoque
983 1893 1152 1966 exdertuat
1162 1900 1249 1964 imo.

355 2004 459 2069 Fama
468 2014 530 2087 est,
545 2004 704 2095 Enceladi
717 2005 912 2070 semiustum
926 2006 1070 2069 fulmine
1078 2025 1207 2089 corpus
1233 2051 1235 2053 -

356 2112 478 2197 Urgeri
493 2114 581 2177 mole
590 2116 669 2196 hac,
685 2113 920 2201 ingentemque
934 2115 1071 2197 insuper
1085 2116 1229 2176 Aetnam
1266 2111 1320 2193 679

342 2214 551 2302 Impositam
561 2216 667 2302 ruptis
680 2220 848 2282 flammam
866 2220 1032 2304 exspirare
1045 2219 1203 2299 caminis,

356 2326 413 2407 Et,
429 2326 551 2390 fessum
565 2327 695 2411 quoties
708 2338 814 2391 mutet
825 2330 927 2410 latus,
943 2327 1122 2391 intremere
1131 2338 1270 2391 omnem

356 2437 529 2499 Murmure
538 2435 761 2518 Trinacriam,
775 2446 807 2499 et
817 2438 946 2500 coelum
960 2438 1132 2501 subtexere
1146 2437 1254 2500 tumo-

356 2539 496 2603 Noctem
507 2538 601 2601 illam
616 2538 692 2634 teeti
706 2538 798 2603 silvis
815 2538 977 2603 immania
989 2548 1138 2603 monstra

355 2648 570 2725 Perferimuq
588 2664 666 2726 neo,
677 2667 764 2727 quae
777 2648 925 2711 sonitum
934 2650 991 2712 det
1001 2646 1287 2732 eeusqvidemns·

357 2756 443 2817 Nam
454 2776 563 2837 neque
573 2764 666 2821 erant
678 2764 844 2820 astrorum
854 2754 963 2843 ignes,
973 2760 1039 2821 'nec
1052 2753 1183 2823 lucidus
1196 2758 1309 2824 aethra

356 2860 493 2923 Siderea
506 2861 618 2941 polus3
631 2861 773 2922 obscuro
782 2862 841 2922 sed
850 2860 968 2926 nubila
978 2863 1085 2940 coelo;
1142 2863 1151 2871 ”
1218 2872 1228 2879 “

356 2966 398 3029 Et
409 2966 524 3033 lunam
537 2962 572 3027 in
587 2964 703 3029 nimbo
715 2984 782 3030 nox
793 2965 990 3050 intempesta
1005 2969 1148 3031 tenebat.
1246 2987 1250 2990 ’

397 3072 529 3135 Postera
545 3069 679 3155 iamque
696 3070 766 3145 dies
777 3072 889 3157 primo
906 3075 1061 3160 surgebat
1074 3075 1162 3155 Eoo,

354 3180 624 3261 Humenter'nque
636 3182 765 3245 Aurora
779 3182 860 3264 polo
875 3180 1059 3243 dimoverat
1071 3159 1241 3262 umbram

326 3334 329 3341 .
352 3285 440 3373 Cum
449 3279 559 3347 subito
574 3303 592 3344 e
606 3281 717 3365 silvis,
739 3284 844 3349 macie
858 3286 1006 3348 conlecta
1020 3306 1176 3370 suprema
1182 3324 1201 3370 ,·

230 3469 233 3477 1
263 3377 266 3381 ’
353 3388 467 3473 Ignoti
479 3408 565 3452 nova
582 3389 690 3451 torma
702 3390 782 3472 viri,
801 3390 1054 3472 miserandaque
1068 3391 1174 3474 cultu,

357 3492 529 3575 Procedit,
543 3495 749 3575 supplexque
768 3512 886 3559 manus
898 3496 943 3556 ad
953 3493 1057 3558 litora
1066 3494 1182 3559 tendit.
1239 3506 1243 3513 ·

283 3572 302 3622 ‘⁰
359 3598 576 3681 Respioimus.
589 3602 672 3666 Dira
684 3600 836 3686 illuvies,
851 3602 1063 3685 immissaque
1074 3605 1195 3687 barba,

360 3706 557 3771 Consertnm
572 3708 728 3793 tegumen
744 3707 865 3791 spinis:
878 3718 912 3771 at
922 3717 1030 3772 cetera
1044 3704 1181 3792 Graius,
1199 3737 1208 3745 ·

359 3812 401 3880 Et
415 3816 582 3900 quondam
591 3814 705 3903 patriis
720 3820 765 3883 ad
772 3818 908 3885 Troiam
920 3818 1039 3885 missus
1051 3818 1087 3883 in
1098 3816 1215 3885 'arrum
