2809 4817
153 328 155 339 '
355 350 394 429 ,s
656 345 1008 411 sanemus
1151 298 1278 424 une.

215 493 221 509 ’
272 484 274 491 ’
353 486 475 559 Infelix
487 487 798 572 uates,rumpitque
814 491 902 556 hanc
914 496 1048 573 pectore
1061 473 1198 553 rocem}

394 596 522 661 Eelium
533 594 634 661 etism
644 614 709 677 pro
725 596 825 659 caede
842 597 947 659 boum
960 594 1135 676 stratisque
1151 581 1315 680 iuvencis,
1369 575 1370 590 ¹

352 700 670 783 Laomedontiadas,
683 702 856 767 bellumne
867 702 996 772 inferre
1005 701 1152 786 paratis,

353 808 394 870 Et
409 806 518 889 patrio
532 805 699 891 Harpyias
713 806 854 875 insontis
866 809 991 891 pellere
1004 809 1134 892 regno?

306 942 316 967 .
355 909 500 993 Accipite
514 929 610 996 ergo,
625 909 747 975 animis
759 919 860 991 atque
871 913 955 973 baec
963 930 1041 974 mea
1053 908 1147 995 figite
1161 908 1268 977 dicta:

356 1017 450 1100 Quae
460 1016 596 1079 Phoebo
604 1024 698 1097 pater
705 1013 933 1096 omnipotens,
944 1011 1029 1077 mibi
1039 1013 1318 1097 nmebusipobo

356 1118 541 1200 Praedixit,
551 1116 646 1181 uobis
660 1115 836 1185 Furiarum
850 1135 914 1201 ego
927 1097 1075 1184 maxiina
1084 1116 1212 1198 pando.

269 1266 274 1273 -
355 1225 487 1290 Italiam
505 1244 602 1291 ouran
614 1221 745 1307 petitis,
764 1220 938 1302 ventisque
952 1221 1079 1289 vocatis

357 1330 449 1393 Ibitis
463 1329 615 1411 Italiam,
631 1338 812 1411 portusque
828 1326 953 1391 intrare
970 1326 1096 1393 iioebit.

360 1436 424 1499 Sed
436 1454 505 1501 non
520 1445 596 1501 ante
608 1436 721 1500 &tam
736 1432 872 1520 cingetis
885 1432 1059 1504 moenibus
1076 1436 1213 1516 urbem,

360 1538 471 1619 Quam
481 1556 540 1601 vos
555 1534 629 1603 dire
638 1536 744 1600 fames
755 1544 953 1627 npstraeque
964 1532 1090 1599 iniuria
1100 1535 1214 1603 caedis

364 1644 521 1709 Ambesas
535 1639 665 1727 subigat
682 1639 781 1708 msbs
795 1642 968 1705 absumere
978 1659 1118 1706 mensas.

405 1744 512 1822 Dixin
532 1755 562 1807 et
576 1744 613 1811 in
625 1745 744 1813 silvam
755 1743 876 1828 pennis
890 1747 1002 1809 ablata
1015 1746 1152 1833 refugit.¹
1240 1781 1247 1793 ι

244 1916 246 1919 .
362 1860 406 1920 At
422 1854 519 1920 sociis
533 1855 643 1923 subita
657 1853 788 1940 gelidus
803 1851 984 1932 formidine
994 1853 1132 1940 unguis

192 2002 196 2009 ,
302 2032 304 2043 Ι
364 1956 534 2044 Deriguitr
550 1958 699 2027 occidere
716 1956 839 2024 animi:
858 1978 921 2030 neo
934 1956 1157 2041 iamamplius
1170 1956 1284 2037 armis,

365 2066 430 2135 Sed
442 2064 527 2127 votis
543 2064 762 2147 precibusque
774 2061 891 2129 iubent
904 2077 1081 2146 exposuere
1093 2082 1234 2145 paoem,
1269 2062 1320 2126 261

365 2168 441 2231 Sive
449 2171 554 2250 Deae,
566 2190 622 2231 seu
636 2168 703 2237 sint
715 2166 811 2231 dirae
821 2171 1049 2249 obscenaeque
1066 2171 1230 2237 volucres.
1279 2184 1285 2193 '

366 2277 407 2338 Et
419 2286 514 2359 pater
530 2275 701 2358 Anchises,
719 2273 822 2359 panis
836 2276 879 2340 de
893 2274 993 2353 litore
1002 2275 1137 2357 palmis,

368 2378 514 2443 Numina
524 2400 648 2466 magna
658 2390 770 2461 vocat,
787 2379 989 2459 meritosque
1000 2377 1118 2445 indicit
1128 2383 1288 2445 bonoresa

361 2478 426 2567 Di,
442 2484 614 2567 prohibete
628 2485 754 2549 minas!
770 2477 831 2566 Di,
850 2486 950 2550 talem
963 2481 1102 2552 avertite
1116 2488 1251 2551 mum!

370 2592 410 2653 Et
420 2588 545 2672 placidi
557 2598 685 2653 servate.
696 2588 788 2670 pios!
806 2592 894 2657 Tum
908 2589 1005 2653 litore
1020 2590 1135 2659 funem

369 2694 547 2776 Deripere,
564 2698 781 2773 excussosque
793 2694 885 2760 iubet
907 2696 1019 2764 laxare
1032 2695 1194 2763 rudentis.

414 2802 570 2869 Tendunt
587 2802 661 2867 vela
671 2800 765 2863 Noti:
782 2800 921 2869 ferimur
936 2801 1169 2885 spumantibus
1182 2798 1291 2878 undis,

373 2906 449 2987 Qua
463 2925 596 2967 cursum
610 2915 793 2987 ventusque
811 2908 1080 2992 gubernatorque
1097 2910 1270 2972 vocabant.

374 3010 446 3071 Iam
458 3007 569 3075 medio
589 3021 727 3093 apparet
739 3012 839 3077 fluctu
856 3030 1031 3077 nemorosa
1044 3014 1245 3093 Zacynthos,

375 3115 652 3202 Dulichiumque,
664 3122 844 3201 Sameque,
854 3129 889 3190 et
899 3118 1029 3190 Neritos
1038 3122 1143 3183 ardua
1154 3118 1251 3186 sama

375 3219 561 3311 Effugimus
570 3226 724 3309 scopulos
738 3228 885 3306 Ithacae,
900 3224 1031 3291 Lae‘rtia
1045 3246 1168 3313 regna,

377 3332 418 3393 Et
429 3340 550 3396 terram
565 3330 716 3395 altricem
724 3315 816 3419 suevi
828 3334 1038 3397 exsecramur
1052 3310 1156 3397 Ulixi.

378 3426 460 3503 Mox
472 3447 505 3503 et
516 3438 679 3505 Leucatae
694 3439 847 3505 nimbosa
862 3439 1035 3508 cacumina
1046 3439 1188 3525 montis,

345 3572 349 3581 =
379 3538 420 3599 Et
435 3538 631 3607 formidatus
647 3545 757 3611 nantis
770 3548 916 3631 aperitur
926 3550 1059 3631 Apollo.
1141 3613 1143 3618 s

380 3644 480 3708 Hunc
491 3644 633 3729 petimus
647 3651 739 3734 fessi,
752 3663 785 3717 et
796 3674 918 3737 parvae
933 3656 1141 3723 sucoedimua
1156 3652 1242 3720 urbi.

380 3756 511 3819 Ancora
521 3756 566 3827 de,
577 3776 679 3857 prora
692 3759 831 3841 iacitur3
847 3771 936 3830 snut
949 3762 1046 3830 litore
1059 3784 1198 3851 puppes·
