2809 4817
325 394 529 459 arasa
569 379 762 466 v111.‘v.
781 410 851 479 aa.
1015 426 1076 483 aa

104 546 205 607 Parte
221 542 287 609 alia
301 544 401 609 Marti
416 565 616 628 currumque
637 559 792 632 rotasque
809 554 955 621 volucris

103 657 294 735 instabants
309 656 431 737 quibus
444 657 503 719 ille
521 657 627 739 viros,
642 659 766 741 quibus
776 662 896 727 excitat
911 664 1017 748 arbim

104 759 529 847 Aegidaquehorriieram,
551 762 701 828 turbatae
711 764 853 830 Palladis
871 786 983 851 arma,

105 860 266 927 Certatim
284 862 429 945 squamis
445 874 636 947 serpentum
650 886 799 949 auroque
811 870 980 955 polibant,

106 970 350 1051 Connexosque
364 972 499 1058 anguis,
520 971 692 1057 ipsamque
708 978 746 1041 in
760 989 893 1060 pectore
908 980 1015 1046 Divae

106 1074 283 1161 Gorgona,
299 1077 432 1139 desecto
451 1086 635 1143 vertentem
655 1082 784 1147 lumina
801 1087 899 1149 eollo.

105 1180 230 1243 Tollite
240 1191 377 1265 cuncta,
390 1181 516 1263 inquitq
534 1194 734 1267 coeptasque
744 1189 872 1253 auferte
888 1191 1034 1278 labores,

105 1282 245 1349 Aetnaei
258 1284 439 1367 Cyclopes,
458 1294 490 1347 et
504 1285 570 1347 buc
588 1286 750 1349 advertite
763 1297 928 1351 meatem

105 1394 208 1456 Arma
221 1385 292 1455 acri
301 1389 454 1453 ibclenda
468 1389 551 1471 viro.
572 1392 668 1453 Nune
683 1389 811 1454 viribus
827 1411 922 1474 usus,

21 1502 22 1505 ’
107 1498 202 1559 Nunc
219 1492 374 1559 martiam
388 1492 531 1575 rapidis,
551 1492 644 1557 omni
658 1514 749 1559 nunc
760 1505 837 1557 arte-
856 1490 1025 1585 magistra.

106 1598 325 1683 Praecipitate
341 1617 460 1663 moras.
477 1600 543 1661 Nec
555 1600 654 1683 plura
667 1596 801 1665 effatos:
818 1601 920 1664 atilli

108 1710 208 1775 Ocius
223 1708 406 1773 incubuere
424 1726 554 1791 omnes,
569 1708 758 1791 pariterque
774 1708 925 1775 laborem

106 1814 240 1879 Sortiti:
257 1811 332 1877 fluit
346 1832 400 1877 aes
419 1812 514 1896 rivis,
535 1814 675 1896 aurique
694 1816 881 1895 metallum

106 1916 354 2001 volnificusque
369 1919 508 2003 chalybs
520 1930 612 1983 vasta
626 1920 762 1983 lornace
780 1920 943 2001 liquescit.

105 2024 279 2111 Ingentem
298 2020 442 2105 clipeum
453 2020 649 2102 informent,
667 2040 773 2085 unum
784 2021 900 2085 omnia
912 2027 1028 2085 contra

105 2128 184 2195 Tela
204 2128 418 2204 latinorum
436 2136 653 2210 septenosque
668 2125 807 2191 orbibus
822 2126 914 2190 orbis
1012 2127 1074 2203 448
1151 2189 1157 2197 .

106 2230 308 2317 Impediunt.
330 2228 395 2293 atti
415 2230 558 2313 scotoma
576 2228 712 2297 tottibm
731 2246 829 2293 auras

104 2334 281 2421 Accipiunt
297 2336 525 2417 redduntque:
543 2334 601 2397 alii
617 2333 790 2401 stridentia
807 2334 940 2421 tingssnt
1037 2388 1040 2393 .

107 2448 191 2508 Aera
211 2446 298 2508 lacu.
312 2442 423 2505 Gemit
440 2442 601 2525 impositis
620 2440 798 2505 incudibus
815 2455 959 2507 anuum.

103 2552 157 2615 illi
173 2552 264 2617 inter
277 2568 346 2618 sese
359 2551 465 2613 multa
480 2551 516 2614 vi
531 2549 669 2615 brachia
687 2550 810 2613 tollunt
895 2594 898 2597 -
988 2590 992 2597 -

104 2654 141 2721 ln
152 2676 350 2738 numerum,
368 2666 568 2737 versantque
584 2654 691 2718 tenaci
709 2655 836 2739 forcipe
855 2674 1007 2719 massam.

140 2764 236 2825 Haec
251 2770 345 2844 pater
360 2760 484 2824 Aeoliis
494 2770 659 2845 properat
675 2763 759 2825 dura
771 2761 930 2825 hundius
944 2761 1028 2847 oris,

102 2868 295 2933 Evandrum
309 2889 352 2932 ex
364 2868 487 2931 humili
506 2878 592 2932 tecto
605 2871 664 2933 lux
681 2869 814 2935 suscitat
832 2872 937 2953 alma,

102 2976 140 3038 Et
158 2974 317 3039 matutini
336 2976 511 3039 volucrum
527 2978 590 3039 sub
609 2978 757 3042 culmine
773 2986 918 3051 cantus,

103 3079 282 3167 Consurgit
296 3080 423 3163 senior,
442 3078 619 3160 tunicaque
634 3080 803 3144 inducitur
819 3093 929 3165 artus,

101 3188 140 3251 Et
156 3190 336 3271 Tyrrhena
349 3190 473 3271 pedum
486 3186 667 3251 circumdat
684 3189 822 3254 vincula
835 3192 973 3275 plantis3

101 3298 190 3375 Tum
200 3293 298 3357 lateri
309 3305 408 3375 atque
418 3294 564 3357 humeris
574 3296 760 3381 Tegeaeum
778 3298 923 3383 subligat
932 3318 1062 3383 ensem,

101 3398 254 3464 nemisse
268 3399 311 3463 ab
324 3400 420 3463 laeva
433 3403 613 3481 pantherae
629 3410 721 3487 terga
734 3400 939 3481 retorqueas.
1015 3421 1019 3428 ¹

100 3506 169 3569 Nec
180 3524 252 3569 non
266 3514 298 3571 et
312 3503 439 3592 gemini
454 3506 603 3570 custodes
616 3504 734 3569 limine
743 3509 787 3571 ab
803 3508 870 3573 alto

100 3612 309 3674 Praecedunt
324 3612 539 3707 'gressumque
555 3628 652 3676 canes
671 3611 871 3677 comitantur·
883 3608 1034 3677 herilem.
1057 3648 1060 3653 ·

99 3710 252 3797 Hospitis
270 3715 399 3776 Aeneae
411 3714 522 3777 oedem
537 3722 569 3772 et
584 3719 709 3773 secreta
722 3713 873 3793 petebat,

98 3818 302 3884 &sanonum
317 3836 447 3884 memor
462 3827 495 3882 et
507 3816 662 3902 promissi
677 3816 840 3914 muneris,
851 3819 959 3886 heros.
