2809 4817
356 402 409 464 '30
673 390 1026 459 AENEIDOS
1167 410 1297 476 v.'401.

367 545 473 633 Perge
483 540 603 623 modo,
614 546 662 623 et,
678 560 745 621 qua
757 549 790 605 te
802 539 895 603 ducit
907 540 979 623 via,
994 536 1101 626 dirige
1113 559 1277 627 gressum.

407 650 500 715 Dixit
513 696 523 732 ‚
534 659 567 713 ct
581 660 733 713 avertens
750 668 844 713 rosea
859 648 988 712 cervice
1001 648 1147 732 refulsit,

366 756 625 838 Ambrosiasque
637 775 752 820 comae
763 755 915 819 divinum
925 754 1048 819 vertice
1061 757 1201 820 odorem
1232 788 1254 828 .-

366 862 539 951 Spiravere
549 886 558 944 ς
570 867 671 948 pedes
683 865 782 929 vestis
794 859 932 927 defluxit
943 864 987 925 ad
1001 862 1102 942 imos;

366 971 407 1032 Et
422 990 500 1033 vera
510 970 639 1056 ¹incessu
653 969 763 1053 patuit
777 972 857 1033 Dea.
874 968 950 1051 Ille,
961 970 1021 1032 ubi
1034 980 1176 1034 matrem

366 1075 530 1163 Agnovit,
541 1073 599 1138 tali
618 1074 801 1161 fugientem
816 1085 865 1139 est
874 1094 957 1139 voce
970 1086 1119 1143 secutus:
1214 1094 1220 1101 ·

367 1180 459 1266 Quid
471 1190 587 1243 natum
601 1178 711 1260 toties,
722 1179 864 1271 crudelis
877 1188 910 1243 tu
926 1180 1175 1265 quoquestalrb

366 1288 469 1353 Ludis
478 1286 702 1374 imaginibus?
714 1308 774 1351 cur
786 1288 921 1351 dextrae
934 1289 1075 1375 iungere
1085 1292 1238 1354 dextram

365 1394 441 1457 Non
454 1394 566 1475 datur,
577 1411 616 1456 ac
627 1410 721 1455 veras
733 1392 850 1455 audire
861 1403 894 1455 et
906 1394 1047 1456 reddere
1057 1395 1181 1466 voces?

365 1500 501 1565 Talibus
513 1499 657 1581 incusat,
669 1512 885 1585 gressumque
897 1501 940 1562 ad
949 1501 1082 1565 moenia
1096 1502 1213 1567 tendit.
1243 1528 1248 1537 ·
1267 1542 1275 1551 ³

365 1603 409 1668 At
419 1606 532 1669 Venus
545 1604 687 1667 obscuro
696 1600 878 1689 gradientis
888 1608 965 1667 aire
979 1601 1119 1686 saepsit,

366 1708 407 1772 Et
422 1708 528 1771 multo
543 1706 688 1770 nebulae
699 1705 824 1769 circum
834 1708 905 1773 Dea
917 1704 1004 1769 fudit
1017 1704 1161 1771 amictu:
1287 1698 1295 1707 ’

232 1806 237 1825 ’
366 1817 510 1879 Cernere
523 1834 566 1878 ne
579 1813 652 1895 quis
663 1830 735 1896 eos,
746 1834 811 1877 neu
822 1814 896 1895 quis
906 1814 1100 1900 contingere
1109 1819 1236 1896 posset,

242 1938 248 1953 ¹
365 1918 520 1984 Molirivc
530 1938 679 2003 moram,
691 1931 748 1983 aut
758 1920 914 1985 veniendi
926 1939 1062 2004 poscere
1075 1936 1201 1985 cauam.

366 2026 441 2109 lpsa
451 2027 601 2109 Paphum
615 2026 768 2092 sublimis
780 2026 865 2109 abit,
877 2010 1036 2108 sedesque
1049 2025 1162 2090 revisit

366 2130 467 2192 Laeta
479 2148 571 2193 suas:
585 2128 645 2192 ubi
659 2131 821 2213 templum
833 2128 902 2212 illi,
912 2131 1253 2211 centumquesmaeo
1272 2132 1342 2208 416

366 2238 455 2302 Ture
469 2239 578 2306 calent
590 2258 681 2321 arae,
690 2237 851 2320 sertisque
863 2238 1049 2303 recentibus
1062 2240 1188 2302 halant.

291 2396 294 2409 .
365 2374 370 2385 ·
408 2346 607 2431 Corripuere
617 2336 709 2410 viam
718 2346 938 2428 interea,qua
952 2344 1070 2409 semita
1081 2350 1266 2425 monstrat,

366 2448 503 2532 Iamque
514 2450 758 2513 adscendebant
770 2450 905 2529 collem,
916 2448 976 2529 qui
983 2448 1154 2531 plurimus
1165 2447 1246 2547 urbi
1265 2432 1268 2438 “

365 2558 538 2639 Imminet,
548 2557 768 2637 adversasque
778 2558 945 2641 adspectat
958 2561 1100 2643 desuper
1112 2579 1215 2625 arces

365 2662 507 2726 Miratur
516 2661 640 2723 molem
649 2662 792 2744 Aeneas,
802 2661 946 2747 magalia
960 2664 1150 2745 quondam3

365 2762 507 2829 Miratur
524 2771 653 2847 portas,
664 2761 915 2846 strepitumque,
926 2774 958 2827 et
970 2773 1071 2831 strata
1081 2765 1225 2829 niumm.

367 2868 780 2953 Instantagdentes'lyrii:
796 2888 873 2952 pars
888 2871 1009 2933 ducere
1021 2890 1151 2954 muros,
1215 2887 1218 2894 ·

366 2964 680 3057 Moliriquearcern,
692 2982 725 3037 et
739 2972 893 3036 manibus
904 2974 1102 3036 subvolvere
1114 2992 1209 3051 saxu
1280 3021 1283 3031 .

367 3084 446 3146 Pars
457 3091 572 3167 optare
583 3082 694 3145 locum
708 3088 811 3163 tecto,
824 3090 857 3143 et
869 3081 1067 3144 concludere
1079 3082 1183 3144 sulco.

161 3228 167 3235 .
278 3221 281 3227 -
368 3182 464 3269 [Iura
474 3182 1348 3274 magistratumqueleguntstauetumquesenatum].

365 3283 432 3358 Hic
445 3300 560 3374 portus
570 3290 627 3355 alii
640 3286 820 3371 effudiunt3
833 3284 891 3355 hic
905 3294 972 3356 alta
986 3292 1123 3356 theatris
1152 3310 1155 3315 ·

367 3396 597 3459 Fundamenta
611 3396 724 3461 locant
738 3394 810 3478 alii,
823 3394 1050 3479 immanisque.
1057 3399 1230 3467 columnas

367 3496 519 3583 Rupibus
528 3497 701 3581 excidunt,
711 3500 817 3564 scenis
831 3503 952 3564 decora
964 3505 1032 3566 alta
1046 3503 1177 3569 futuris.

361 3604 485 3691 Qualis
497 3624 575 3687 apes
589 3613 710 3668 aestate
722 3621 810 3668 nova
819 3625 881 3688 per
893 3608 994 3669 florea
1006 3625 1086 3670 rura

368 3706 577 3773 Exercetaub
588 3707 657 3771 sole
668 3708 871 3788 labortcum
884 3710 991 3797 gentis
999 3714 1130 3779 adultos
1162 3765 1167 3769 -

367 3806 522 3873 Edueunt
535 3808 636 3893 letus,
650 3817 710 3873 aut
718 3810 1086 3893 cumliquentiamella
