2809 4817
358 372 417 449 146
662 364 1018 433 Auuuluos
1160 367 1275 429 utri.

356 506 589 595 Nequidquam
602 509 686 575 lueis
698 513 823 575 Hecate
831 506 991 593 praefecit
1000 503 1159 570 Avernist

355 620 390 684 Si
402 619 511 705 potuit
521 614 629 681 Manis
642 636 805 681 arcessere
819 613 971 703 coniugis
984 616 1157 699 Orpheus,

355 721 506 787 Threicia
519 720 621 784 fretus
635 718 761 785 cithara
774 718 964 800 fidibusque
975 716 1125 797 canoris3

354 824 540 889 Siiratrem
553 823 672 887 Pollux
686 823 815 885 alterna
828 828 937 885 morte
954 818 1114 904 redemit,
1369 897 1370 904 ἵ

354 927 450 1007 Itque
460 927 612 1007 reditque
627 924 719 988 viam
735 925 841 989 toties.
857 923 950 1011 Quid
962 926 1110 1008 Thesea,
1128 945 1284 1015 maguum
1369 925 1370 928 ’

355 1036 447 1121 Quid
456 1054 639 1098 memorem
647 1032 808 1097 Alciden?
819 1041 853 1097 et
861 1025 909 1095 mi
918 1050 1025 1119 genem
1035 1034 1079 1096 ab
1091 1034 1171 1098 Iove
1180 1055 1307 1100 summo
1369 1109 1370 1112 Ἴ

395 1143 532 1207 Talibus
543 1143 661 1206 orabat
676 1140 788 1223 dictis,
807 1160 948 1222 arasque
964 1144 1111 1219 senense

355 1250 441 1331 Cum
456 1244 503 1310 sic
517 1264 593 1309 orsa
606 1242 700 1325 loqui
715 1254 822 1306 vates:
838 1245 913 1307 sete
924 1243 1087 1331 sanguine
1099 1242 1240 1330 Divom,

353 1354 437 1417 Tros
447 1350 661 1433 Anchisiade,
671 1350 778 1413 facilis
792 1352 967 1415 descensus
982 1353 1136 1431 Avernus
1206 1409 1209 1415 .

353 1457 472 1518 Noctes
484 1464 584 1535 atque
597 1452 668 1515 dies
680 1460 771 1534 patet
782 1452 846 1515 stri
866 1451 970 1515 ianua
984 1451 1087 1529 Ditis3
1112 1517 1115 1523 ,

353 1564 419 1625 Sed
434 1580 591 1625 revocare
600 1560 761 1647 gradum,
775 1578 977 1641 superasque
990 1559 1132 1622 evadere
1147 1559 1192 1622 ad
1207 1574 1306 1640 ouras,

353 1670 428 1731 Hoc
438 1688 539 1753 opus,
550 1668 606 1730 hie
616 1669 712 1729 labor
724 1675 782 1729 est.
795 1666 913 1747 Pauci,
929 1686 1015 1748 quos
1023 1684 1150 1749 aequus
1164 1665 1281 1731 amerit

353 1777 520 1861 Iuppiter,
538 1788 595 1841 aut
612 1780 731 1843 ardens
750 1776 858 1841 evexit
874 1778 917 1840 ad
931 1779 1065 1841 aethera
1076 1777 1200 1859 virtus,

352 1875 413 1947 Dis
422 1883 527 1969 geniti
537 1892 685 1967 potuere.
700 1885 831 1947 Tenent
843 1883 954 1946 media
966 1883 1081 1947 omnia
1092 1882 1209 1966 silvae,

354 1988 568 2067 Cocytusque
579 1986 655 2050 sinu
673 1988 790 2051 labens
805 1986 1024 2051 circumvenit
1039 1996 1122 2051 atro.

354 2088 497 2176 Quodsi
511 2082 620 2153 tantus
634 2110 731 2153 amor
745 2090 867 2172 menti,
883 2090 1011 2154 sitente
1022 2090 1146 2173 cupido
1158 2096 1221 2174 est,
1258 2092 1305 2151 13³

353 2198 406 2263 Bis
417 2198 685 2286 Stygiosinnare
697 2200 804 2280 lacus,
822 2198 874 2263 bis
891 2198 989 2286 nigra
1003 2198 1118 2262 videre

352 2306 508 2384 Tartaru
529 2315 561 2368 et
571 2304 690 2367 insano
702 2303 797 2366 iuvat
810 2304 987 2391 indulgere
1002 2302 1128 2365 labori:
1369 2371 1370 2374 Ἴ

353 2406 494 2491 Accipe,
511 2427 595 2488 quae
605 2409 797 2493 peragenda
805 2407 911 2490 prius.
923 2410 1018 2470 lutet
1031 2409 1152 2473 arbore
1167 2424 1267 2493 opaca

352 2512 481 2573 Aureus
494 2507 624 2571 etfoliis
640 2518 672 2571 et
683 2510 774 2570 lento
790 2508 917 2572 vianne
932 2528 1061 2592 ramus,

282 2672 286 2685 ,
352 2612 477 2677 Iunoni
485 2612 637 2679 infernae
647 2613 755 2678 dictus
770 2626 882 2678 secere
896 2618 987 2678 hunc
1002 2614 1081 2703 tegit
1090 2615 1202 2680 omnis

353 2722 478 2802 Lucus,
497 2726 531 2783 et
542 2716 690 2783 obscuris
705 2717 868 2779 claudunt
881 2713 1090 2779 convallibus
1102 2718 1250 2777 umbrae.

354 2825 418 2887 Sed
432 2843 502 2886 non
515 2832 593 2886 ante
606 2824 704 2885 datur
720 2819 850 2883 telluris
864 2829 980 2903 operta
993 2819 1125 2902 subire,
1147 2860 1151 2867 -

353 2930 549 2995 Auricomos
566 2948 667 3009 quam
676 2926 752 3008 quis
762 2924 962 3009 decerpserit
976 2929 1097 2989 arbore
1112 2928 1207 2991 fetus.

353 3038 427 3097 Hoc
444 3032 508 3096 sibi
519 3033 659 3115 pulchra
674 3052 773 3097 suum
787 3030 868 3093 ferri
880 3031 1080 3115 Proserpina
1097 3052 1220 3099 munus

352 3139 509 3205 Instituit.
527 3139 640 3203 Primo
655 3140 770 3203 avolso
786 3157 857 3201 non
871 3137 983 3202 deficit
999 3139 1084 3202 aiter

353 3251 495 3327 Aureus3
508 3256 541 3311 et
553 3245 655 3311 simili
668 3244 852 3311 frondescit
866 3244 962 3333 virga
979 3246 1128 3309 metallo.

353 3354 441 3441 Ergo
456 3355 523 3417 alte
538 3352 663 3439 vestiga
678 3353 799 3437 oculis,
816 3360 850 3417 et
860 3352 924 3415 rite
943 3362 1116 3435 repertum

353 3462 461 3542 Carpe
470 3480 584 3523 mauu.
599 3462 750 3541 Namque
760 3460 831 3545 ipse
841 3462 959 3525 volens
970 3459 1144 3541 facilisque
1153 3464 1304 3542 sequetur,

259 3562 265 3590 '
352 3562 387 3627 si
400 3574 431 3627 te
441 3564 507 3628 fata
516 3575 653 3630 vocant:
666 3567 764 3629 aliter
781 3588 851 3631 non
862 3566 990 3630 viribus
1001 3565 1080 3629 ullis

352 3665 508 3749 Vincere,
525 3689 587 3731 nec
601 3669 686 3731 duro
704 3668 828 3754 poteris
844 3670 1031 3732 convellere
1044 3666 1146 3731 forro.

352 3770 524 3837 Praeterea
535 3771 621 3838 iacet
635 3771 830 3838 exanimum
847 3772 909 3835 tibi
924 3792 1045 3855 corpus
1059 3771 1185 3855 amici,
