2809 4817
291 380 513 467 ursus
551 372 647 449 vit„
690 406 722 448 v.
755 388 823 471 692.
988 395 1047 475 ιφ
1123 375 1125 382 ’

90 534 189 616 Quem
203 542 315 607 neque
331 524 380 589 ias
398 525 469 613 igni
484 525 640 607 cuiquam
654 548 716 592 nec
730 538 876 593 sternere
889 528 995 616 ferro,

87 638 299 721 Iampridem
319 636 443 701 resides
455 640 612 719 populos,
632 639 831 721 desuetaque
842 641 934 705 hello

90 733 243 829 Agmina,
262 741 298 802 in
312 758 404 802 arma
412 751 511 804 vocat
523 740 650 823 subito,
665 726 1033 825 ferrumqueretrcotst.
1109 785 1113 794 ·

89 848 131 911 Hi
145 848 361 911 Fescenninas
380 848 467 911 acies
484 849 680 928 Aequosque
697 848 860 932 Faliscos,

90 954 131 1017 Hi
144 952 283 1017 Soractis
298 954 423 1015 habent
440 972 530 1015 arces
544 952 761 1035 Flaviniaque
772 975 870 1038 arva,

91 1058 125 1118 Et
140 1056 261 1121 Cimini
279 1078 355 1119 cum
370 1066 483 1120 monte
497 1059 607 1120 lacum
622 1060 782 1140 lucosque
795 1061 956 1143 Capenos.

91 1162 178 1225 Ibant
192 1161 324 1243 aequati
341 1177 497 1244 numero,
513 1182 700 1246 regemque·
713 1166 893 1227 cauebant:
957 1213 963 1226 .

93 1268 152 1328 Ceu
166 1267 335 1347 quondam
353 1265 445 1329 nivei
457 1266 609 1347 liquida
598 1277 686 1330 inter
700 1268 820 1330 nubila
833 1269 954 1352 cycni,

93 1373 167 1434 Cum
179 1393 247 1436 sese
263 1393 284 1435 c
302 1383 397 1455 pastu
414 1374 579 1455 referunt,
599 1384 632 1436 et
643 1376 746 1459 longa
764 1394 903 1443 canoros

92 1480 170 1541 Dant
185 1499 246 1562 per
257 1478 345 1542 colla
361 1478 493 1555 modos;
508 1487 604 1541 sonat
623 1478 749 1561 amnis,
763 1489 796 1541 et
810 1481 886 1545 Asia
901 1481 1004 1571 longe

92 1582 177 1651 Pulsa
196 1584 303 1701 palus
587 1598 589 1604 '
959 1647 968 1657 ,

93 1688 149 1750 Nec
160 1686 336 1769 quisquam
353 1694 478 1750 aeratas
494 1686 580 1755 scies
596 1708 637 1751 ex
652 1688 786 1777 agmine
799 1696 893 1754 tanto
945 1758 950 1769 ¹

93 1794 210 1861 Misceri
222 1804 332 1879 putet3
350 1795 474 1859 adriam
491 1798 548 1859 scd
561 1796 694 1883 gurgite
711 1797 753 1859 ab
766 1798 839 1860 alto

94 1898 197 1985 Urgcri
212 1900 387 1971 volucrum
405 1917 582 1963 raucarum
600 1900 642 1961 ad
659 1898 758 1961 litora
775 1902 908 1966 nubem.

125 2006 233 2089 Ecce,
231 2005 433 2099 Sabinorum
450 2005 557 2088 prisco
572 2006 613 2066 de
629 2006 790 2092 sauguine
799 2028 984 2094 ,magnum

95 2111 207 2197 ligmers
221 2130 322 2198 agens
337 2111 491 2191 Clausus,
506 2093 685 2197 magnique
695 2109 766 2190 ipsc
777 2112 918 2195 agminis
927 2112 1042 2197 iustsr,

35 2234 38 2245 ·
95 2217 218 2279 Claudia
236 2238 327 2279 nunc
341 2234 360 2277 a
375 2236 443 2296 quo
458 2213 658 2278 diffunditur
673 2225 706 2275 et
719 2214 823 2277 tribus
835 2226 866 2278 et
883 2238 964 2305 gens
982 2222 1041 2297 708

95 2322 145 2383 Per
153 2322 299 2403 Latium,
312 2331 487 2403 postquam
501 2320 538 2381 iu
552 2328 678 2401 partem
690 2320 767 2381 data
781 2321 888 2384 Roma
901 2320 1042 2387 Sabinis·

34 2480 36 2505 ,
95 2430 156 2493 Una
167 2431 284 2519 ingens
299 2430 470 2493 Amiterna
489 2432 623 2508 cohors,
641 2426 807 2510 priscique
821 2426 984 2511 Quirites,

95 2534 169 2599 Ereti
184 2556 303 2598 manus
321 2532 447 2615 omnis,
464 2532 701 2612 oliviferaeque
720 2520 907 2609 Mutuscccr

95 2636 150 2719 Qui
158 2640 356 2700 Nomentum
366 2640 500 2718 urbem,
511 2635 568 2716 qui
576 2636 683 2705 Rosea
698 2654 778 2697 rura
788 2634 917 2718 Velini,

94 2738 303 2821 QuiTetn'cac
311 2737 476 2801 horrentis
487 2756 597 2819 rupes,
610 2738 825 2814 montemque
833 2736 1007 2820 Severum,

93 2844 334 2929 Casperiamque
343 2842 1048 2929 coluntForulosque,etflumenHimellacq
1137 2828 1142 2837 ’

93 2946 318 3034 Ωυίᾞιγὶπίηι
330 2948 547 3039 iiabarimque
558 2948 692 3039 bibunt,
702 2966 785 3027 quos
794 2946 919 3034 frigide
931 2948 1022 3032 misit

92 3052 209 3138 Nursia,
221 3065 253 3119 et
266 3052 427 3117 Hortinae
437 3056 567 3136 classes,
576 3051 759 3135 populique
772 3053 899 3133 Latini3

92 3160 358 3243 Quosquesecans
369 3162 550 3227 infaustum
568 3159 716 3223 interluit
724 3160 813 3227 Allis
823 3182 947 3227 nomen
955 3156 971 3227 ε’

92 3266 187 3348 Quam
201 3269 301 3332 multi
313 3268 442 3350 Libyco
451 3268 631 3330 volvuntur
644 3283 811 3329 marmore
825 3268 961 3351 fluctus,

91 3371 199 3438 Saevus
213 3375 273 3437 ubi
285 3374 391 3437 Orion
410 3369 558 3435 hibernis
573 3369 727 3432 conditur
744 3368 861 3453 undis,

89 3470 141 3535 Vel
157 3498 234 3540 cum
249 3480 320 3541 sole
332 3496 421 3541 novo
434 3478 554 3539 densae
568 3483 736 3539 torrentur
747 3475 881 3557 aristae,

88 3573 143 3636 Aut
156 3580 273 3643 Hermi
287 3600 420 3664 campo,
431 3590 489 3644 aut
507 3577 631 3659 Lyciae
644 3578 840 3642 flaventibus
855 3576 952 3643 arvis.

86 3676 171 3744 Scuta
183 3694 304 3747 sonant
315 3687 480 3767 pulsuque
492 3686 616 3766 pedum
628 3683 806 3747 conterrita
816 3686 924 3750 tellus·

119 3788 510 3879 Hinc'ngarnemnonius,
519 3792 656 3861 Troiani
670 3791 816 3857 nominis
831 3789 953 3877 hostis,

143 3892 229 3967 Wrgil.
246 3894 304 3952 Vol.
322 3898 357 3951 li·
811 3910 841 3965 13
