2809 4817
363 386 423 451 ‚ac
661 374 1012 441 autumnos
1162 376 1284 458 aas,

360 522 502 593 Alitibus
515 520 665 603 linquere
681 518 776 596 feriat
792 528 851 581 aut
863 518 992 606 gurgite
1007 538 1156 582 mensum

361 631 459 693 Unde
472 626 571 705 feret,
588 623 760 707 piscesque
774 622 909 707 impasti
921 625 1059 688 volnera
1073 624 1238 687 lambent.

361 732 522 797 Protenus
528 729 693 790 Antaeum
706 725 885 806 etLucam,
898 726 1007 808 prima
1016 726 1153 813 agmina
1161 728 1285 811 Turni,

361 830 584 919 Persequitur,
609 830 796 913 fortemque
812 832 973 914 Numam,
997 833 1199 917 fulvumque

894 937 1096 1020 Camertem,

360 1043 578 1131 Magnanimo
591 1045 768 1109 Volsoente
777 1051 906 1124 utum,
921 1042 1102 1109 ditissimus
1111 1045 1189 1132 agri
1374 1113 1375 1116 ,

361 1150 430 1236 Qui
442 1150 504 1215 fuit
516 1150 738 1231 Ausonidum,
751 1159 784 1212 et
802 1147 908 1212 tacitis
923 1152 1076 1237 regnavit
1086 1150 1251 1235 Amyclis.
1374 1157 1375 1166 ’

361 1259 516 1343 Aegaeon
534 1255 656 1337 qualis,
672 1264 807 1319 centum
822 1252 1029 1320 cuibrachia
1041 1256 1178 1339 dicunt,

363 1364 588 1440 Centenasque
606 1378 740 1439 mnus,
758 1356 1003 1444 quinquaginta
1019 1358 1136 1423 oribus
1151 1359 1267 1446 iguem
1375 1355 1376 1388 ³

361 1464 618 1545 pectoribusque
627 1462 762 1545 arsisse,
775 1462 864 1527 Iovia
874 1483 953 1528 cum
966 1460 1112 1529 fulmina
1121 1478 1242 1530 eontra

362 1572 427 1632 Tot
440 1570 750 1671 paribusstneperet
768 1567 904 1651 clipeis,
915 1578 963 1633 tot
977 1568 1155 1657 stringeret
1167 1573 1273 1639 ensis:
1376 1633 1377 1640 ,

363 1676 418 1741 Sic
436 1685 505 1738 toto
516 1679 641 1742 Aeneas
659 1673 806 1737 desaevit
820 1674 858 1737 in
875 1692 1026 1755 aequore
1036 1676 1162 1759 vietor,

362 1780 407 1841 Ut
420 1780 521 1843 semel
530 1775 671 1861 intepuit
682 1797 812 1840 mucro.
831 1776 922 1861 Quin
942 1798 1021 1855 ecce
1032 1780 1177 1862 Niphaei

363 1880 584 1969 Quadriiuges
602 1879 639 1943 iu
654 1898 762 1960 equos
772 1881 975 1959 adversaque
988 1890 1124 1963 pectora
1135 1883 1258 1961 tandiu

361 1988 468 2067 Atque
481 1983 548 2067 illi,
560 1986 660 2069 longe
670 1981 878 2069 gradientem
889 1992 923 2047 et
932 1981 1006 2047 dira
1017 1984 1217 2051 frementem

362 2094 407 2154 Ut
422 2090 548 2175 videre,
560 2101 650 2155 metu
666 2088 754 2153 versi
764 2099 919 2171 retroque
929 2101 1062 2157 ruentes
1262 2094 1314 2172 573

363 2192 613 2277 Effunduntque
623 2198 759 2276 ducem,
774 2193 973 2277 rapiuntque
990 2199 1035 2260 ad
1047 2196 1149 2266 litora
1160 2219 1281 2263 currus.
1297 2213 1301 2222 '

362 2302 494 2367 Interea
510 2301 632 2389 biiugis
648 2302 747 2369 insert
763 2321 798 2365 se
811 2303 963 2387 Lucagus
978 2303 1063 2367 albis

364 2410 404 2473 In
415 2410 557 2493 medios,
575 2412 742 2491 fraterque
757 2410 873 2498 Liger3
891 2412 951 2475 sed
967 2411 1070 2475 inter
1084 2412 1228 2477 habenis

363 2514 481 2577 Flectit
494 2533 613 2594 equos:
633 2514 786 2579 strictum
800 2525 887 2578 rotat
898 2535 976 2579 acer
986 2516 1139 2601 lucaffln
1154 2537 1274 2581 ensem·

363 2622 465 2687 Haud
479 2618 554 2685 tulit
570 2623 696 2683 Aeneas
714 2630 804 2685 tanto
817 2622 947 2685 fervore
959 2622 1128 2687 furentes:

363 2725 482 2809 Inruit,
491 2776 493 2783 ,
502 2726 705 2809 adversaque
719 2726 837 2813 ingens
850 2724 1005 2808 apparuit
1016 2728 1124 2791 hasta.

366 2834 429 2897 Cui
445 2828 560 2919 Liger:

346 2964 349 2973 ·
362 2923 440 3001 iton
453 2939 624 3003 Diomedis
638 2958 755 3019 equos,
772 2958 836 3001 neo
848 2958 964 3001 currus
975 2936 1084 2999 cernis
1097 2937 1220 3001 Achilli
1228 2945 1312 3019 ,ent

307 3067 309 3073 ·
364 3046 431 3107 Aut
443 3043 611 3128 Phrygiae
623 3063 772 3127 campos:
789 3064 881 3109 nune
893 3044 976 3107 belli
986 3043 1063 3109 finb
1075 3055 1109 3107 et
1122 3045 1199 3108 aevi
1254 3027 1313 3107 'te-

364 3152 425 3229 His
444 3153 577 3217 dabitur
592 3154 693 3219 terris.
712 3158 844 3220 vesano
860 3156 945 3223 talia
952 3157 1019 3219 late

365 3261 462 3325 Dicta
477 3264 593 3329 volant
603 3261 731 3349 Ligeri:
750 3266 808 3327 sed
822 3283 891 3330 uon
905 3275 937 3329 et
951 3267 1071 3327 Troius
1089 3266 1190 3327 beros

367 3371 463 3433 Dicta
474 3381 570 3455 parat
582 3380 697 3435 contra
706 3392 716 3449 3
726 3370 873 3435 iaculum
882 3390 961 3433 nam
972 3379 1103 3449 torquet
1115 3369 1306 3433 inhostem=

366 3478 519 3565 Lucagus
534 3488 709 3561 utpronun
724 3480 874 3561 pendam
891 3480 929 3542 in
941 3480 1079 3542 verbera
1090 3480 1160 3541 telo
1207 3499 1210 3508 ·

365 3583 547 3649 Admonuit
564 3583 714 3670 biiugos3
734 3585 883 3668 proiecto
896 3587 979 3647 dum
992 3586 1078 3667 pede
1091 3586 1188 3647 laevo
1218 3593 1222 3602 '

364 3692 465 3773 Aptat
476 3710 512 3753 se
527 3712 676 3777 pugnae3
691 3690 781 3755 subit
794 3712 869 3755 oras
886 3692 978 3754 hasta
990 3690 1150 3774 perimas

365 3795 662 3884 Fulgentiaelipei,
684 3798 900 3868 tum'laeyum
912 3794 1208 3881 perforatinguen3
