2809 4817
314 328 519 393 arnon
558 304 696 395 vrri.
721 326 846 394 aus.
996 348 1054 393 ,οι

90 476 183 561 Quos
195 468 246 539 llli
258 470 353 535 bello
370 471 530 558 profugos
546 490 643 559 egere
663 472 817 555 superbo.

91 582 282 647 Evandrum
297 576 451 665 petimus.
473 581 567 641 Ferte
583 581 683 660 haec,
695 588 730 642 et
745 578 846 643 dieite
856 580 961 645 lectos

91 686 279 753 Dardaniae
292 666 422 751 venisse
437 686 554 765 duces,
568 683 655 747 sooia
669 702 764 747 arma
776 685 935 772 rogantis.

94 789 272 877 Obstupuit
288 798 380 853 tanto
397 808 570 871 percussus
583 790 721 857 nomine
734 792 862 855 Pallan

93 900 254 987 Egredere
264 918 303 979 o,
318 895 510 977 quicunque
520 916 569 978 es,
584 897 650 979 ait,
665 917 844 980 coramque
856 905 1031 980 parentem

94 1004 296 1084 Adloquere‚
312 1020 351 1061 ao
363 997 482 1063 nostris
496 1000 633 1062 succede
646 998 822 1083 penatibus
837 1001 965 1085 hospes.
1087 1015 1091 1023 “

95 1103 293 1187 Excepitque
305 1120 424 1182 manu,
442 1102 658 1187 dextramque
675 1105 848 1188 amplexus
862 1103 1017 1169 inhaen't.

96 1206 259 1294 Progressi
276 1206 420 1272 subeunt
433 1208 525 1291 luco,
544 1209 751 1291 fluviumque
764 1210 969 1291 relinquunt.

131 1317 216 1381 Turn
231 1331 346 1399 regern
359 1314 487 1377 Aeneas
502 1312 597 1377 dictis
613 1316 746 1379 adlatur
762 1314 895 1379 amieis:

98 1422 237 1505 Optume
252 1418 497 1505 Graiugenum,
518 1422 572 1485 eui
585 1444 639 1489 nte
657 1426 804 1489 Fortuna
813 1418 956 1505 precari,
981 1449 985 1469 ·

98 1524 132 1591 Et
146 1525 228 1589 vitta
245 1536 374 1590 comtos
390 1524 496 1589 voluit
516 1526 731 1608 praetendere
749 1548 875 1606 ramos3

98 1605 164 1693 lion
172 1627 330 1713 equidem
340 1626 495 1709 extimui,
506 1627 895 1713 pernumerentur,
905 1631 1060 1715 etArcas,
1104 1699 1107 1703 A

100 1732 256 1817 Quodque
266 1734 310 1795 ab
322 1731 425 1817 stirpe
435 1732 522 1799 iores
534 1734 676 1823 geminis
685 1737 882 1803 coniunctus
895 1736 1039 1813 Atridis3

100 1838 239 1905 Sedrnee
251 1860 307 1905 nte
318 1840 438 1923 virtue,
454 1851 486 1905 et
499 1852 612 1909 renota
626 1845 763 1907 oracula
777 1842 916 1926 Divom,
1025 1880 1028 1887 -

101 1944 299 2032 cognatique
312 1956 436 2031 petros,
453 1959 510 2013 tua
529 1950 623 2013 terrie
639 1951 744 2015 didita
763 1951 874 2034 fame,
941 1952 946 1959 ⁴

103 2048 301 2119 Coniunxere
312 2053 388 2136 tihi,
408 2065 441 2121 et
459 2056 535 2119 fatis
552 2077 649 2144 egere
666 2058 846 2121 volentem.
999 2060 1056 2121 133
1176 2100 1183 2111 ·

103 2158 283 2242 Dardanus,
301 2158 421 2223 Iliacae
434 2160 562 2243 primus
578 2172 673 2249 pater
687 2160 781 2226 urbis
794 2170 828 2223 et
842 2169 976 2242 auctor,
1115 2161 1119 2167 ’

103 2261 233 2345 Electra,
251 2273 287 2325 ut
299 2262 391 2330 Graii
405 2262 600 2348 perhibent,
615 2261 785 2325 Atlantide
799 2272 924 2344 oretur,

103 2367 276 2435 idvehitur
293 2342 452 2433 'leuoroer
472 2368 635 2433 Electram
657 2384 834 2429 maxumus
848 2368 939 2430 Atlas

103 2476 216 2561 Edidit,
232 2476 394 2541 aetherios
407 2480 549 2541 humero
566 2474 625 2561 qui
640 2473 779 2539 sustinet
788 2472 889 2541 orbis.

103 2582 194 2648 Vobis
204 2582 393 2649 Mercurius
402 2593 495 2666 pater
507 2592 573 2665 est,
593 2601 693 2663 quem
715 2579 857 2649 candida
868 2578 960 2644 Maia

105 2691 253 2773 Cyllenae
271 2689 384 2777 gelido
398 2699 597 2772 oonceptum
614 2688 738 2751 vertice
759 2686 860 2766 iudit3

105 2796 139 2859 tt
150 2799 291 2879 Maiam,
310 2795 431 2861 auditis
444 2795 472 2859 si
482 2794 665 2876 quidquam
680 2791 863 2874 oredimus,
874 2790 983 2872 Atlas,

104 2896 185 2965 Idem
202 2902 294 2965 Atlas
310 2884 458 2986 generat,
476 2900 560 2963 coeli
576 2900 635 2983 qui
648 2899 757 2961 sidera
773 2896 869 2962 tollit.

104 3000 150 3068 stc
166 3027 273 3092 genus
285 3008 461 3073 amborum
476 3007 597 3070 scindit
610 3026 646 3070 se
660 3004 824 3094 sanguine
841 3004 979 3067 abnuo.

104 3110 157 3175 llis
171 3114 291 3196 fretus,
310 3134 379 3181 uon
397 3117 538 3199 legatos,
557 3128 664 3194 neque
681 3114 791 3195 prima
803 3120 980 3195 pererrem
1084 3163 1090 3176 .

104 3216 312 3288 Tentamenta
330 3222 379 3285 tui
393 3221 525 3308 pepigit
546 3240 613 3302 me,
626 3236 681 3282 me
694 3219 785 3302 ipso,
799 3234 977 3296 meumque

106 3322 211 3391 obieci
226 3336 343 3411 caput,
359 3337 391 3391 et
410 3312 550 3411 supplex
566 3328 609 3387 ad
625 3326 743 3387 limine
760 3324 851 3389 veni.

106 3428 184 3496 Gens
196 3435 334 3516 eadem,
355 3451 441 3514 quae
456 3440 501 3515 te,
524 3432 651 3507 erudeli
669 3430 803 3497 Daunia
821 3426 913 3493 bello

104 3536 303 3623 Insequitur3
318 3558 379 3609 noe
396 3541 425 3608 si
440 3544 584 3626 pellant,
603 3540 688 3611 nihil
707 3540 822 3603 abfore
838 3538 990 3618 eredunt,
1019 3593 1023 3597 .

105 3645 189 3730 Quin
196 3670 332 3713 omnem
342 3652 537 3734 Hesperiam
545 3650 677 3734 penitus
686 3651 816 3712 suasub
823 3647 902 3732 iuga
913 3644 1061 3725 mittant,

105 3748 142 3818 Et
151 3772 260 3843 mare,
272 3756 364 3839 quod
372 3776 487 3843 supro,
502 3763 651 3841 teneant,
664 3754 821 3838 quodque
834 3749 939 3815 adluit
953 3747 1052 3809 infra.
