2809 4817
375 364 578 431 LIBER
617 366 658 429 Χ.
697 366 820 441 uada.
953 393 958 402 ›
1011 368 1070 429 adl

103 508 226 575 Audiit
238 507 368 573 Alcides
379 476 547 590 iuveriem,
566 528 790 595 magnumque
802 508 865 571 suh
882 504 953 571 imo

103 612 219 675 Corde
228 610 350 695 premit
360 610 766 696 gemitum‚laorimasque
777 606 894 673 effudit
902 610 1028 674 inanes.
1064 652 1070 671 .

102 721 198 783 Tum
218 717 358 781 Genitor
372 727 489 783 uatum
505 716 600 781 dictis
610 717 741 779 adfatur
756 715 891 779 amicis:

102 830 177 891 sut
192 845 256 891 sua
270 824 488 907 cuiquedies3
504 825 605 887 luere
619 834 651 885 et
663 822 879 906 irreparabile
889 834 1018 905 tempus

105 934 278 998 Omnibus
291 943 340 997 est
354 931 460 997 vitae:
473 932 531 995 sed
542 931 664 995 lamam
678 933 855 993 extendere
867 930 978 1012 factis,

105 1042 185 1103 Hoc
202 1037 335 1112 virtutis
349 1056 445 1119 opus.
458 1036 577 1099 Troiae
590 1037 651 1099 sub
665 1036 838 1099 moenibus
855 1034 930 1102 altis
1012 1068 1016 1076 ·

105 1145 174 1205 Tot
191 1142 284 1229 gnati
300 1140 447 1205 cecidere
459 1139 583 1203 Deum:
600 1138 682 1219 quin
697 1137 816 1203 occidit
829 1158 897 1202 rura

105 1246 303 1327 Sarpedon,
324 1263 399 1307 mea
414 1222 598 1329 progeniei.
613 1243 721 1307 Etiam
739 1263 799 1309 sua
813 1244 965 1308 Turnum

106 1354 191 1413 Fata
204 1360 338 1441 vocant,
355 1360 523 1431 metasque
537 1350 605 1413 dati
619 1350 771 1433 pervenit
782 1351 826 1413 ad
842 1348 926 1413 aevi.

108 1454 164 1521 Sic
183 1455 246 1535 ait,
264 1465 362 1535 atque
376 1458 490 1519 oeulos
502 1458 703 1521 Rutulorum
721 1455 828 1519 reiicit
844 1454 942 1519 ervis.
1056 1517 1060 1527 ,

18 1576 19 1581 ’
108 1563 151 1622 At
163 1560 274 1621 Pallas
287 1559 416 1645 magnis
432 1560 549 1623 emittit
564 1561 690 1627 viribus
702 1565 849 1644 hastam,

107 1662 313 1749 vaginaque·
327 1650 408 1727 oava
421 1664 603 1750 fulgentem
623 1665 745 1749 deripit
758 1686 883 1731 ensem.

108 1770 177 1831 Illa
186 1770 316 1848 volans,
329 1769 477 1834 humeris
492 1782 632 1857 surgunt
650 1792 717 1851 qua
728 1770 876 1857 tegmina
890 1788 1039 1853 summa,

109 1874 259 1956 Incidit,
270 1874 486 1957 atque,riam
501 1874 600 1959 clipei
612 1875 728 1939 molita
745 1897 805 1958 per
820 1895 912 1956 oras,

110 1983 265 2049 Tandem
278 1979 377 2047 ettam
391 2000 514 2066 magno
529 1980 660 2045 strinxit
674 1985 719 2044 de
726 2003 869 2065 corpore
875 1980 993 2050 Turni.
1103 2025 1104 2030 κ

110 2079 179 2149 Hie
190 2086 323 2147 Turnus
335 2083 424 2147 lerro
433 2082 617 2165 praefixum
629 2087 732 2149 robur
745 2097 846 2149 acuto
990 2152 995 2159 ,
1013 2100 1075 2167 479

111 2185 153 2251 In
164 2185 315 2263 Pallanta
329 2183 387 2247 diu
402 2183 528 2247 librans
542 2182 637 2264 iacit,
656 2195 754 2267 atque
771 2188 818 2253 ita
831 2189 930 2253 tatur:

113 2285 274 2370 Adspice,
293 2308 377 2351 num
393 2308 490 2373 mage
503 2287 544 2351 sit
560 2298 711 2355 nostrum
727 2290 935 2378 penetrabile
952 2292 1066 2353 telum.

112 2392 268 2472 Dixerat;
284 2404 319 2457 at
333 2394 496 2477 clipeum,
513 2403 560 2456 tot
571 2393 650 2457 ferri
668 2405 776 2479 terga,
797 2402 845 2457 tot
857 2393 960 2474 aeris,

115 2503 202 2561 Cum
218 2498 315 2581 pellis
333 2497 453 2563 totiens
468 2501 566 2561 obeat
584 2498 787 2587 circumdata
800 2496 905 2580 tauri,

114 2603 271 2669 Vibranti
285 2604 432 2668 medium
445 2604 553 2689 cuspis
567 2607 810 2671 transverberat
826 2604 910 2685 ictu,

115 2708 320 2789 Lorieaeque
334 2729 444 2773 moras
457 2720 489 2774 et
505 2723 619 2793 pectus
631 2710 777 2792 perforat
790 2709 918 2794 ingens.

117 2818 178 2879 Ille
199 2815 293 2898 rapit
301 2815 447 2883 calidum
459 2816 580 2879 frustra
593 2816 635 2880 de
649 2816 785 2883 volnere
804 2816 930 2878 telum:

117 2920 194 2979 Una
209 2919 392 2999 eademque
402 2918 457 2985 via
470 2917 604 3004 sanguis
618 2916 814 2997 annuosque
825 2901 1019 2996 sequnntur.

119 3019 254 3084 Corruit
271 3019 306 3081 in
320 3022 461 3098 uolnusc
476 3019 622 3083 sonitum
636 3040 736 3111 super
746 3037 841 3081 arma
855 3020 991 3096 dedere3

119 3131 158 3189 Et
176 3138 298 3193 terram
311 3128 465 3191 hostilem
482 3126 725 3210 morienspetit
741 3146 801 3195 ¹ore
815 3135 963 3213 cruento.
1072 3153 1075 3160 ·

120 3234 233 3316 Quem
246 3232 381 3295 Turnus
397 3250 496 3311 super
510 3230 689 3297 adsistens:

119 3337 281 3415 Arcades,
295 3336 394 3417 haec,
409 3332 536 3418 iuquit,¹
552 3356 714 3413 memores
731 3356 805 3399 mee
821 3334 907 3396 dicta
923 3333 1043 3395 referte

103 3434 295 3503 'Evandroz
309 3442 450 3525 Qualem
464 3442 607 3522 meruit,
621 3445 771 3511 Pallanta
785 3441 927 3507 remitto.

121 3545 281 3633 Quisquis
296 3546 402 3641 hortos
414 3546 552 3630 tumuli,
563 3546 727 3635 quidquid
739 3547 888 3609 solamen
897 3540 1075 3617 humandi,

622 3724 625 3729 Ι
654 3659 731 3731 est,.
803 3716 806 3723 ¹
883 3694 887 3705 .

124 3754 275 3845 Largior.
293 3757 393 3819 Haud
409 3757 460 3821 illi
475 3752 608 3822 stabunt
621 3757 746 3821 AeneIa
758 3744 864 3837 parvo
966 3775 971 3787 ·
