2809 4817
375 354 432 434 176
675 306 1028 409 sensrnos
1169 330 1286 413 cnr

371 498 471 558 nunc
480 490 645 577 nysam
661 490 818 573 nuvium,
830 485 888 557 nte
900 492 994 557 nnis
1007 490 1159 557 sotere
1166 494 1301 561 nnn

371 609 458 669 Tum
470 614 558 669 satus
573 602 718 669 Anchisa
731 604 875 667 delectos
887 601 1006 667 ordine
1023 605 1066 665 ab
1079 602 1174 667 omni

372 716 513 776 Centum
529 719 675 773 oratores
692 717 830 797 augusta
839 711 884 771 ad
894 707 1027 790 moenia
1038 708 1128 795 regis

371 806 426 875 Ire
440 811 544 893 iubet,
559 810 660 873 tarnis
678 810 804 873 velatos
819 808 962 873 Palladis
974 828 1115 891 omnes,

371 922 534 998 Donaque
542 917 627 979 ferre
637 914 722 992 viro,
740 932 922 997 pacemque
935 932 1113 997 exposcere
1124 914 1262 979 Teucris.

371 1024 471 1085 Haud
483 1040 594 1083 mora:
613 1018 768 1088 festinant
779 1019 875 1100 iussi,
893 1007 1084 1104 rapidisque
1098 1019 1249 1107 feruntur,

371 1124 532 1189 Passibus.
547 1126 620 1208 Ipse
634 1121 755 1185 humili
766 1122 916 1209 designat
928 1122 1061 1187 moenia
1074 1124 1178 1205 fossa,

372 1228 574 1307 Moliturque
590 1228 701 1289 locum
710 1246 720 1303 3
729 1226 920 1309 primasque
935 1226 972 1289 in
983 1226 1082 1289 litore
1089 1229 1199 1309 sedes,

372 1338 561 1398 Castrorum
570 1332 606 1394 in
616 1351 759 1412 morem,
777 1330 890 1414 pinnis
904 1340 1004 1412 atque
1020 1352 1141 1418 aggere
1153 1331 1259 1418 cingit.

370 1446 510 1525 Iamque
520 1440 583 1505 iter
592 1440 734 1522 emensi,
754 1450 859 1504 turres
875 1460 915 1503 ac
929 1450 1012 1504 tecta
1022 1442 1217 1505 latinorum

371 1550 482 1613 Ardua
498 1550 674 1621 cernebant
687 1546 837 1629 iuvenes,
857 1566 1020 1629 muroque
1035 1547 1206 1611 subibant:

371 1656 455 1717 Ante
472 1654 588 1715 urbem
603 1652 716 1735 pueri,
733 1662 765 1715 et
780 1648 953 1746 printaero
967 1651 1048 1714 flore
1061 1651 1231 1731 iuventus,

371 1758 572 1819 Exercentur
585 1753 694 1837 equis,
714 1755 941 1835 domitantque
954 1753 991 1818 in
1001 1756 1142 1838 pulvere
1156 1772 1283 1833 currus,

371 1863 437 1924 Aut
447 1857 531 1919 acris
545 1852 682 1918 tendunt
697 1875 792 1919 arcus
801 1867 887 1938 ,aut
902 1859 992 1921 lenta
1003 1858 1136 1930 lacertis

370 1965 504 2049 Spicula
517 1971 752 2047 contorquent,
761 1982 925 2042 cursuque
938 1961 1072 2043 ictuque
1084 1964 1260 2039 lacessunt:

372 2076 456 2135 Cum
468 2080 658 2156 praevectus
672 2090 759 2151 equo
772 2070 927 2156 longaevi
942 2070 1029 2157 regis
1038 2072 1083 2131 ad
1100 2069 1189 2137 auris
1266 2070 1316 2131 rsa

371 2176 512 2241 Nuntius
521 2174 663 2263 ingentis
679 2174 792 2260 ignota
804 2174 841 2237 in
855 2185 945 2239 reste
958 2183 1106 2259 reportet

370 2284 550 2349 Advenisse
560 2282 657 2347 viros.
669 2283 731 2346 Ille
746 2282 833 2345 intra
847 2294 933 2347 tecta
948 2284 1062 2349 vocari

370 2390 533 2471 Irnperat,
547 2396 579 2450 et
590 2384 676 2449 solio
686 2385 815 2451 medius
830 2387 979 2450 consedit
994 2387 1097 2453 avito.

370 2494 508 2555 Tectum
518 2499 710 2575 augustum,
720 2489 851 2576 ingens,
861 2482 1323 2572 centumsublimeoolumniaf

370 2602 460 2663 Urbe
475 2597 539 2662 tuit
555 2616 700 2679 summa,
717 2594 891 2659 laurentis
907 2597 999 2683 regia
1017 2598 1104 2683 Pici,
1374 2585 1375 2602 ¹

369 2706 583 2769 Horrendum
597 2702 689 2769 silvis
704 2713 737 2766 et
747 2702 915 2789 religione
931 2715 1118 2787 parentum.

370 2804 435 2877 Hic
445 2821 573 2896 sceptra
587 2810 755 2894 accipere,
769 2818 802 2871 et
809 2808 936 2891 primos
950 2804 1101 2890 attollere
1117 2812 1213 2879 tarcis

370 2914 517 3001 Regibus
531 2935 631 2977 omen
650 2923 738 3005 erat:
756 2915 820 2976 hoc
833 2912 900 2977 illis
917 2916 1009 2979 curia
1028 2919 1205 3002 ternplum,

370 3020 443 3081 Hae
454 3014 554 3080 sacris
568 3016 660 3081 sedes
674 3014 797 3099 epulisz
815 3008 875 3079 bic
888 3017 990 3081 ariete
1005 3038 1099 3081 caeso

369 3119 538 3204 Perpetuis
554 3118 643 3186 soliti
660 3130 770 3204 patres
783 3120 953 3185 considere
968 3104 1099 3185 rnensis.

369 3222 568 3311 Quinetiam
584 3232 734 3285 veterum
748 3220 872 3310 effigies
884 3248 923 3288 ex
938 3226 1056 3289 ordine
1070 3246 1212 3291 avorum

368 3328 543 3413 Antiquae
555 3330 671 3410 cedro,
686 3329 868 3414 Italusque,
886 3342 1044 3414 paterque
1053 3331 1194 3396 Sabinus
1224 3374 1227 3379 -

369 3436 543 3519 vitisator,
561 3456 696 3500 curvam
710 3457 844 3501 servans
857 3442 919 3501 sub
938 3437 1086 3525 imagine
1098 3417 1235 3522 falcem,

369 3546 592 3624 Saturnusque
607 3563 724 3624 senex,
740 3544 879 3625 Ianique
891 3544 1045 3609 bifrontis
1055 3544 1181 3631 imag0,

368 3646 540 3713 vestibulo
555 3650 744 3727 adstabant3
756 3649 879 3730 aliique
892 3652 934 3712 ab
945 3651 1075 3737 origine
1084 3672 1191 3740 reges,
1206 3683 1209 3690 =

235 3784 237 3789 ·
306 3846 307 3851 ἵ
368 3749 551 3833 Martiaque
561 3753 605 3815 ob
619 3748 761 3837 patriam
777 3755 960 3840 pugnando
977 3756 1114 3821 volnera
1128 3753 1227 3840 passi
