2809 4817
322 407 526 472 LIBER
567 410 636 477 v'1.
677 435 710 479 v.
730 420 800 521 ⁶⁵4?
987 426 1044 497 163

80 560 322 641 Armorumque
333 556 397 621 tuit
410 558 511 654 viyis,
523 583 609 643 quae
624 566 702 633 eura
718 571 852 639 nitentis

79 664 213 726 Pascere
225 680 342 744 equos,
354 664 470 737 eadem
480 668 628 748 sequitur
640 676 756 740 tellure
769 692 927 763 repostos.
1004 765 1006 772 Ι

81 767 256 851 Conspicit,
269 789 360 851 ecoe,
369 769 454 834 alios
466 770 579 836 dextra
588 776 748 862 laevaque
756 806 817 867 per
827 789 965 854 herbam

80 875 257 956 vescentis,
271 876 461 960 laetumque
476 882 577 946 choro
589 886 718 952 Paeana
731 894 892 978 canentis,

81 978 165 1040 Inter
174 981 351 1041 odoratum
362 982 449 1044 lauri
465 1006 599 1051 nemus:
611 993 700 1055 unde
711 1014 855 1078 superne

81 1082 238 1147 Plurimus
250 1080 387 1147 Eridani
405 1108 466 1169 per
477 1089 595 1155 silvam
608 1097 753 1161 volvitur
771 1102 888 1167 amnis.

81 1184 143 1254 llic
151 1212 267 1256 manus
276 1240 285 1274 ,
295 1194 339 1255 ob
347 1194 489 1276 patriam
503 1204 687 1287 pugnando
696 1208 834 1271 volnera
844 1211 950 1295 passi,

82 1298 207 1381 Quique
218 1300 401 1363 sacerdotes
415 1302 514 1386 casti,
529 1305 609 1369 dum
620 1307 686 1371 vite
701 1316 877 1399 manebat,

81 1402 206 1487 Quique
220 1404 270 1487 pii
281 1412 386 1487 vates,
399 1418 430 1468 et
442 1408 577 1472 Phoebo
592 1411 693 1499 digna
710 1415 830 1501 locuti,
846 1442 851 1464 =

82 1504 226 1571 Inventas
237 1516 294 1569 aut
308 1506 366 1589 qui
378 1508 480 1571 vitam
497 1512 670 1577 excoluere
685 1536 745 1598 per
757 1518 853 1602 artis,

82 1609 206 1695 Quique
214 1610 272 1675 sui
282 1632 446 1676 memores
459 1613 541 1677 alios
554 1615 660 1678 fecere
674 1623 853 1684 merendo:

84 1718 235 1783 Omnibus
248 1720 301 1783 his
316 1719 414 1783 nivea
435 1722 615 1808 cinguntur
630 1733 779 1810 tempora
793 1732 887 1795 vitta.
969 1808 975 1822 Ι

81 1823 163 1905 Quos
176 1822 390 1888 circumfusos
402 1823 450 1887 sic
463 1836 510 1889 est
525 1829 633 1892 adfata
648 1831 795 1917 Sibylla3
868 1884 880 1914 ,

81 1926 243 1992 Musaeum
251 1935 327 1994 ante
337 1930 459 2008 omnis,
477 1934 624 1997 medium
642 1956 721 1999 nam
731 1938 878 2020 plurima
890 1944 987 2010 turba

82 2034 169 2098 Hunc
177 2035 290 2121 habet,
301 2049 399 2119 atque
409 2040 556 2104 humeris
565 2054 747 2109 exstantem
756 2048 890 2130 suspicit
903 2050 993 2115 altis:

81 2135 313 2220 Dicite,felices
326 2136 859 2232 animae,tuque,opn'mevates,
974 2156 1033 2238 669
1088 2170 1093 2179 ’

81 2239 165 2323 Quae
172 2242 267 2328 regio
277 2242 455 2329 Anchisen,
465 2242 539 2327 quis
549 2250 650 2312 hahet
660 2252 774 2314 loeus?
788 2252 878 2315 illius
888 2274 968 2342 ergo

81 2342 246 2430 Venimus,
259 2360 292 2412 et
309 2346 448 2437 magnos
460 2354 559 2417 Erebi
572 2356 780 2419 tranavimus
796 2359 913 2421 amnis.

82 2446 174 2529 Atque
183 2451 263 2515 huic
277 2474 470 2537 responsum
483 2456 594 2540 paucis
606 2456 652 2521 ita
664 2456 809 2521 reddidit
820 2460 934 2525 heros:

82 2552 159 2617 Nulli
171 2564 260 2617 certa
272 2556 399 2622 domus.
417 2551 516 2624 Lucis
526 2560 714 2627 habitamus
725 2562 854 2646 opacis,

81 2656 296 2743 Riparumque
313 2672 401 2755 toros
414 2673 447 2729 et
461 2677 555 2751 prata
566 2665 711 2729 recentia
721 2664 803 2730 rivis

82 2759 256 2835 Incoliurus.
268 2766 334 2830 Sed
344 2786 418 2851 vos,
429 2769 457 2833 si
469 2770 531 2833 lert
544 2769 590 2837 ita
603 2772 702 2833 corde
715 2772 886 2854 voluntas,
954 2781 959 2797 “

82 2865 142 2929 Hoc
154 2880 306 2954 superate
322 2870 458 2959 iugum3
479 2882 512 2935 et
521 2872 612 2937 facili
629 2872 697 2937 iam
713 2873 977 2942 tramitesistarn·

81 2968 172 3057 Dixit,
186 2984 219 3037 et
230 2982 308 3037 unte
326 2974 401 3037 tulit
415 2994 577 3063 gressum,
595 2995 795 3060 camposque
811 2978 946 3045 nitentis

81 3074 215 3163 Desuper
227 3071 386 3161 ostentat3
404 3082 524 3148 dehinc
537 3104 666 3146 summa
678 3084 1028 3177 cacuminalinquuut'.

111 3185 149 3245 At
157 3194 251 3268 pater
259 3186 416 3257 Anchises
430 3187 561 3270 penitus
576 3188 728 3251 convalle
737 3188 859 3254 virenti

79 3283 211 3353 Inclusas
222 3290 364 3375 animas,
373 3285 649 3376 superumquead
660 3296 774 3357 lumen
788 3295 910 3389 ituras,

79 3392 238 3465 Lustrabat
252 3402 362 3467 studio
377 3405 539 3487 recolens,
554 3404 753 3485 omnemque
764 3424 902 3469 suorum

79 3502 160 3572 Forte
169 3512 360 3573 recensebat
378 3532 570 3593 numerum,
585 3528 744 3591 carosque
755 3521 909 3595 nepotes,

79 3610 226 3703 Fataque,
236 3620 451 3702 fortunasque
459 3619 567 3683 virilm
576 3666 585 3703 ,
594 3640 779 3703 moresque,
792 3612 985 3704 manusquess

78 3715 226 3802 lequeubi
236 3729 427 3792 tendentem
442 3729 616 3793 adversum
629 3749 690 3812 per
701 3728 855 3814 gramina
868 3727 955 3792 vidit

79 3826 213 3921 Aenean,
223 3833 341 3901 alacris
356 3836 484 3921 palmas
498 3846 652 3920 utresque
666 3833 830 3932 tetendits.
