2809 4817
344 410 550 475 LIBER
590 412 804 479 uasto.
997 418 1053 481 125

101 543 200 617 Prima
212 556 312 632 tenet,
322 552 507 634 plausuque
517 552 818 639 volatipemituque
833 556 988 622 secundo.

97 656 167 719 Post
174 654 335 736 Helymus
343 652 449 735 cubit,
458 660 491 716 et
503 674 594 717 nunc
605 651 700 727 tertia
713 654 826 734 palme
835 653 964 723 Diores.

97 752 155 823 Hic
165 769 269 823 totum
283 778 403 823 caveae
413 776 600 825 comeatum
609 758 773 847 ingentis,
786 772 820 825 et
829 781 889 827 ore

98 864 199 927 Prima
208 872 356 947 patrum,
371 861 502 950 magnis
510 862 617 929 Seliuc
631 862 832 932 clamoribus
840 866 974 953 implet,

98 971 310 1055 Ereptumque
325 972 405 1033 dolo
422 969 518 1033 reddi
534 967 599 1033 sibi
616 968 722 1052 poscit
738 972 911 1035 honorem.

96 1075 227 1139 Tutatur
240 1074 337 1139 lavor
354 1074 554 1156 Euryalum,
568 1072 792 1163 lacrimaeque
806 1074 963 1166 decorae,

99 1180 221 1243 Gratior
233 1186 267 1241 et
275 1180 418 1262 pulchro
429 1179 564 1243 ueniens
573 1180 610 1243 in
622 1198 763 1263 corpore
772 1180 889 1246 virtue

99 1288 244 1370 Adiuvat,
257 1296 290 1351 et
305 1306 428 1373 magno
443 1290 628 1371 proclamat
641 1288 875 1373 vomitiones,

98 1392 157 1476 Qui
164 1392 262 1459 subiit
273 1396 421 1477 palmae,
440 1394 628 1475 frustraque
640 1396 684 1459 ad
696 1394 845 1478 praemia
855 1395 949 1461 venit

100 1499 270 1589 Ultima,ei
286 1502 388 1585 primi
401 1502 492 1565 Solio
508 1500 694 1565 redduntur
709 1503 864 1567 honores

100 1602 173 1667 Tum
180 1608 420 1689 paterAeneac,
435 1609 567 1691 Vestra,
583 1604 711 1690 inquit,
723 1628 864 1673 munera
873 1608 969 1673 vobis

100 1712 181 1774 Certa
190 1722 342 1797 manent,
355 1713 466 1799 pueri3
481 1724 514 1777 et
521 1713 667 1799 palmam
677 1724 791 1782 movet
800 1717 920 1784 ordine
930 1736 1046 1785 nemo:
1084 1771 1088 1784 .

98 1816 143 1877 Me
155 1816 249 1881 liceat
263 1839 355 1883 ceaue
372 1818 523 1887 misereri
533 1820 671 1885 insontia
684 1820 794 1886 amici
896 1895 898 1904 ¹

100 1920 142 1981 Sic
153 1921 253 2007 latua,
268 1932 398 2012 tergum
416 1926 547 1989 Gaetuli
563 1926 711 1990 immane
726 1927 833 1993 leonis

98 2022 152 2087 Det
160 2027 261 2112 Salio,
276 2028 365 2093 villis
377 2048 555 2094 onerosum
566 2038 665 2112 atque
678 2031 847 2118 unguibus
857 2032 982 2097 eureio

98 2120 267 2215 llicNisue‚
284 2132 945 2218 Sitaute,inquit‚auntpraemievictic‚
986 2132 1046 2197 tec

98 2232 131 2295 Et
143 2245 171 2299 te
183 2237 355 2319 lapsorum
366 2238 512 2315 miseren
530 2255 615 2317 quae
630 2255 771 2301 munere
784 2236 863 2299 Niso

97 2336 191 2425 Digna
201 2340 317 2409 dabie?
330 2342 478 2425 primam
491 2340 600 2405 merui
612 2341 672 2421 qui
684 2341 785 2403 laude
803 2324 983 2419 coronam3

98 2444 132 2505 Ni
145 2466 209 2529 me,
228 2467 315 2529 quae
324 2448 465 2531 Salium,
478 2448 612 2511 fortune
626 2446 764 2511 inimica
777 2445 911 2510 ulissec

97 2546 129 2611 Et
140 2548 234 2617 simul
244 2552 298 2617 hic
312 2554 409 2621 dictis
423 2552 544 2621 sociem
557 2552 758 2631 ostentabat,
773 2558 806 2613 et
819 2550 890 2611 udo

97 2651 208 2738 Turpia
221 2659 372 2721 membra
388 2640 583 2721 fimo'lliait
594 2664 688 2739 peter
703 2653 849 2737 optimus
862 2652 938 2737 olli,

97 2755 129 2819 Et
138 2758 278 2844 clipeum
289 2757 402 2829 efferri
413 2761 523 2843 iussit,
537 2757 758 2843 Didymaonis
772 2771 874 2841 artes,

97 2862 227 2947 Neptuni
242 2885 337 2931 sacro
352 2863 477 2932 Danais
494 2867 536 2928 de
547 2874 642 2947 poste
657 2861 809 2927 refixum.

96 2964 157 3033 lloc
168 2971 322 3035 iuvenem
336 2971 510 3057 egregium
522 2968 701 3055 praetenti
713 2988 853 3031 munere
870 2968 983 3031 donet.

129 3076 213 3159 Post,
228 3077 287 3140 ubi
298 3076 438 3141 conlecti
453 3096 583 3159 curcua,
600 3086 632 3139 et
648 3076 737 3137 dona
749 3072 892 3160 peregitt

97 3178 193 3266 Nunc,
205 3184 235 3249 si
245 3184 302 3249 cui
310 3185 432 3267 virtue,
449 3185 647 3265 animusque
659 3182 696 3245 iu
705 3192 839 3263 pectore
848 3198 1020 3264 praecem,
1073 3191 1076 3196 ’

95 3288 188 3371 Adsit,
201 3288 381 3355 eteviuctic
390 3291 518 3355 attollat
528 3287 664 3353 brachia
679 3285 809 3371 palmis.

96 3390 138 3455 Sic
149 3392 206 3477 ait,
223 3398 437 3483 etgeminum
448 3416 581 3484 pugnae
598 3392 755 3479 proponit
765 3395 950 3457 honorcme

96 3494 207 3561 Victori
220 3502 366 3565 velatum
382 3522 465 3565 auro
478 3501 631 3581 vittisque
644 3499 837 3576 iuvencum

94 3594 217 3683 Eusem,
231 3614 330 3683 atque
346 3600 512 3688 insignem
530 3604 675 3687 galeam,
691 3601 809 3663 solatia
820 3600 920 3664 victo.

92 3702 151 3765 Nec
159 3727 263 3787 mora3
283 3708 441 3775 continuo
453 3708 554 3773 vastia
573 3728 649 3770 cum
665 3709 794 3771 viribus
812 3703 906 3771 effert

94 3807 155 3874 Ora
168 3816 287 3900 Dares,
299 3834 489 3905 magnoque
497 3812 609 3881 virum
621 3832 657 3881 so
669 3834 840 3880 murmure
853 3810 955 3877 tollit:
