2809 4817
230 387 234 394 ’
295 381 500 448 LIBER
537 379 636 450 XII.
675 389 799 464 1843.
971 379 1029 453 Iti

102 525 166 592 nb
181 523 276 608 abib,
286 521 527 591 aliudtieniior
538 543 651 590 arcum
665 519 737 610 ipse
750 528 894 607 volutatu
968 548 972 556 ·

63 630 305 711 Iuturnamque
321 639 419 713 parat
432 629 544 694 fratris
561 628 726 694 dimittere
739 634 783 695 ab
794 632 905 697 armis.

65 734 231 796 Dicuntur
243 731 398 818 geminae
410 741 517 816 pratea
529 731 728 819 cognomine
738 733 857 817 Dirae,

65 845 153 926 Quas
170 843 405 904 c'tTartaream
422 843 495 904 Nox
514 838 710 924 intempesta
725 840 915 928 Megaeram

66 952 139 1010 Uno
151 949 338 1028 eodemque
349 946 424 1010 tulit
436 955 548 1030 partu,
563 945 764 1029 paribusque
782 947 925 1012 revinxit

67 1055 260 1137 Serpentum
275 1050 389 1137 spiriu,
399 1063 616 1135 ventosasque
628 1051 756 1117 addidit
771 1055 850 1120 aiau.
886 1083 888 1088 ·

67 1161 133 1221 Hae
146 1157 238 1222 Iovis
255 1159 299 1220 ad
315 1157 454 1240 solium,
469 1158 623 1239 saevique
635 1157 806 1224 iudimiuc
821 1161 924 1248 regia,

67 1270 249 1349 apparent,
267 1275 456 1346 acuuntque
468 1275 595 1328 metum
614 1266 808 1332 mortalibus
819 1268 943 1354 aegris,
1039 1319 1041 1326 ,

66 1371 96 1432 si
109 1372 359 1454 quandoletum
367 1369 560 1436 horrificum
574 1361 896 1454 morbosque'netm
909 1395 968 1442 rer
1028 1467 1030 1472 Ι
1081 1381 1086 1403 ‘
1161 1423 1165 1431 -

67 1477 214 1558 Molitur‚
232 1473 366 1538 meritas
376 1483 434 1538 aut
446 1475 537 1538 bello
553 1473 679 1538 territat
690 1472 793 1538 urbis.

67 1580 188 1641 Harum
203 1597 306 1641 unam
321 1577 461 1641 celerem
479 1572 610 1639 demisit
628 1580 672 1640 ab
688 1577 820 1640 aethere
837 1597 968 1642 summo

68 1682 225 1766 Iuppiter,
236 1681 337 1763 iuque
346 1701 447 1744 omen
452 1682 617 1744 Iuturnae
630 1698 806 1744 occurrere
819 1679 922 1746 iussit.

68 1788 124 1850 Illa
133 1789 241 1867 rolat5
261 1786 427 1867 celerique
442 1787 487 1849 ad
499 1793 620 1848 terram
635 1785 770 1848 turbiue
777 1786 900 1866 fertur:
1001 1789 1005 1796 '

69 1892 136 1953 Nou
147 1903 254 1973 secur,
266 1909 306 1954 ac
314 1905 419 1953 nervo
436 1909 497 1972 per
506 1891 630 1952 nubem
645 1889 790 1973 impulsa
806 1891 950 1978 sagittam¹

71 1999 231 2058 Armatam
243 1994 592 2073 aaevil’artbusquam
605 1994 834 2079 tenuerent,
961 2001 1021 2086 δὴ

71 2103 217 2183 Parthus,
226 2099 295 2164 aive
306 2100 440 2183 Cydon,
452 2101 556 2162 telum
569 2098 829 2185 immedicabile,
840 2104 949 2186 torsit3

71 2204 207 2268 Stridens
217 2213 249 2266 ct
259 2202 373 2266 celeria
382 2201 549 2289 incognita
562 2201 701 2268 transilit
713 2203 858 2269 umbras.
892 2267 895 2274 ,

71 2309 150 2376 Talis
163 2331 199 2376 ae
212 2321 282 2374 sata
295 2312 397 2374 Nocte
410 2310 498 2391 tulit,
509 2319 675 2391 terrasque
691 2313 818 2396 petivit.
942 2337 946 2350 ·

71 2413 239 2496 Postquam
248 2413 430 2478 acieovidet
440 2414 557 2478 iliacas
569 2426 668 2496 atque
677 2418 939 2507 agminaTurn13

72 2517 155 2581 Alitis
166 2519 203 2582 iu
215 2538 337 2602 parvae
345 2519 488 2584 subitam
501 2521 639 2585 collecta
651 2521 794 2612 figuram
801 2574 811 2611 ,

73 2627 156 2706 Quae
168 2629 340 2709 quondam
357 2628 392 2691 in
404 2629 527 2710 bustis,
540 2639 598 2691 aut
607 2631 808 2697 culminibus
817 2636 972 2722 desertis,

73 2732 165 2798 Nocte
173 2735 292 2798 redens
299 2754 427 2816 ,uerum
439 2733 528 2796 canit
541 2733 732 2817 importuna
742 2743 958 2819 perumbrat:

72 2840 305 2907 Hancvcrsaiu
319 2841 452 2923 facicm,
464 2841 571 2904 Turni
584 2861 621 2905 se
634 2841 734 2924 pestis
746 2844 862 2909 obora

72 2948 203 3032 fertque
210 2949 377 3032 refertque
385 2969 522 3030 sonans,
531 2945 922 3032 clipeumque'everberat
930 2954 999 3022 alis.

72 3049 121 3112 Illi
136 3055 285 3130 membra
301 3071 409 3114 novua
420 3052 518 3116 solvit
530 3052 711 3116 formidine
725 3046 853 3138 torpor3

72 3159 281 3240 arrectaeque
289 3160 426 3222 horrore
437 3176 563 3238 comae,
576 3166 608 3221 et
619 3177 686 3221 rox
699 3159 849 3223 faucibus
858 3160 972 3228 haesit.

73 3265 122 3343 At,
134 3268 250 3348 procui
259 3275 297 3329 ut
311 3265 411 3330 Dirae
423 3261 596 3328 stridorem
610 3265 748 3351 agnovit
757 3275 790 3330 et
799 3267 882 3349 alae,

72 3368 183 3438 Infelix
198 3372 304 3438 crinis·
310 3371 430 3438 scindit
441 3375 578 3436 Iuturna
593 3374 731 3456 solutos,

73 3469 238 3558 Unguibus
248 3493 307 3538 ora
315 3493 409 3537 soror
420 3472 570 3554 foedans,
581 3483 614 3534 ct
621 3484 757 3555 pectora
769 3472 907 3560 pugnIat

73 3576 156 3660 Quid
168 3602 258 3644 nunc
268 3592 366 3644 tetur
376 3582 519 3662 ,Turne,
531 3588 637 3662 potest
647 3600 806 3664 germana
818 3579 955 3645 iuvare?

73 3683 131 3744 Aut
147 3685 228 3764 quid
242 3686 309 3748 iam
325 3687 427 3750 durae
440 3695 572 3770 superat
582 3683 689 3748 mibi?
703 3706 767 3766 qua
781 3687 841 3750 tibi
853 3691 961 3752 lucem

73 3784 143 3849 Arte
151 3782 283 3853 morer?
292 3789 382 3854 talin’
388 3809 523 3874 possum
532 3807 588 3852 me
598 3806 769 3874 opponere
782 3788 953 3861 monstro?
