2809 4817
351 312 390 375 aa
615 258 1009 369 'nsnsruos
1149 320 1277 386 aar.

349 460 434 521 Cum
447 450 584 519 stabulis
595 459 745 514 armenta
756 446 866 512 trahit.
881 444 962 511 Vidi
977 445 1049 528 ipse
1066 444 1239 511 furentem

348 565 456 626 Caede
463 559 733 643 Neoptolemum,
749 550 1010 639 geminosqueiir
1023 550 1291 619 liminehtridas.

347 670 429 737 Vidi
441 669 632 747 Hecubam,
646 670 847 749 centumque
859 678 981 740 nunus,
999 657 1241 742 Priamumque

883 785 944 847 Pel
962 782 1037 841 Μ

348 876 516 967 Sanguine
532 874 740 952 foedantem,
755 886 838 952 quos
850 867 922 951 ipse
937 877 1137 949 sacraverat,
1150 867 1251 954 ignis.
1373 878 1374 928 l

348 982 601 1069 Quinquaginta
618 978 670 1043 illi
688 974 847 1056 thalami,
860 995 934 1057 spes
949 984 1040 1038 tauta
1057 984 1241 1059 nepotum,

348 1085 526 1150 Barbarion
542 1092 650 1166 postes
663 1101 746 1144 auro
759 1077 939 1176 spoliisque
954 1080 1109 1161 superbi,
1122 1119 1130 1143 .-

347 1196 570 1259 Proeubuere.
586 1194 716 1255 Tenent
733 1189 859 1269 Danai,
874 1206 942 1268 qua
959 1185 1069 1251 delicit
1085 1186 1187 1273 ignis,

337 1310 340 1317 ⁴
390 1299 538 1363 Forsitan
553 1308 601 1381 et,
612 1295 737 1360 Priami
745 1293 869 1359 fuerint
882 1314 968 1374 quae
982 1293 1067 1374 fata,
1085 1294 1248 1376 requiras.

349 1405 449 1469 Urbis
461 1404 511 1467 uti
522 1413 637 1487 captae
647 1422 777 1482 casum,
790 1401 1013 1479 nonrolsaque
1025 1398 1111 1463 vidit

351 1505 484 1569 Limina
495 1512 672 1583 tectorum,
691 1510 724 1563 et
734 1500 884 1563 medium
893 1499 1162 1583 inpenetralibus
1171 1503 1314 1579 hostem3

349 1611 452 1671 Arma
461 1606 518 1669 diu
531 1604 640 1669 senior
651 1605 786 1667 desueta
799 1604 1015 1667 trementibus
1026 1624 1110 1667 aevo
1202 1635 1206 1643 ·

349 1710 539 1773 circumdat
556 1706 783 1789 nequidquam
797 1708 963 1790 humeris,
981 1718 1014 1771 et
1026 1707 1145 1772 inutile
1158 1709 1285 1773 ferrum

248 1824 259 1849 ⁸
351 1813 520 1899 Cingitur,
533 1832 571 1876 ac
583 1814 701 1877 densos
715 1813 821 1876 iermr
834 1812 1014 1878 moriturus
1022 1813 1059 1877 in
1073 1803 1188 1881 hostis.
1252 1840 1258 1848 ‘

389 1919 536 1984 Aedibus
546 1918 584 1981 in
598 1918 732 2000 mediis,
749 1922 909 2000 nudoque
924 1920 986 1984 sub
1002 1919 1142 1984 aetheris
1157 1916 1238 2003 axe,

235 2034 239 2043 '
348 2024 470 2111 Ingens
488 2044 545 2087 ara
556 2023 637 2105 fuit,
648 2024 809 2107 iuxtaque
824 2023 1003 2087 veterrima
1018 2026 1134 2089 laurus
1254 2025 1310 2086 513

310 2138 321 2157 ⁰
348 2116 549 2189 Incumbens
561 2144 656 2208 arae,
674 2134 772 2207 atque
784 2126 903 2189 umbra
916 2126 1089 2209 complexa
1101 2129 1252 2191 Penates.

349 2220 415 2291 llic
424 2231 562 2304 Hecuba
569 2237 602 2293 et
611 2240 709 2295 natae
716 2230 949 2318 nequidquam
956 2228 1073 2293 altaria
1088 2229 1235 2314 circum,

349 2332 549 2416 Praecipites
561 2344 634 2399 atra
647 2356 707 2400 eeu
723 2343 915 2418 tempestate
933 2336 1126 2419 columbae,
1189 2365 1194 2371 ·

351 2441 559 2522 condensae,
570 2450 603 2503 et
611 2440 735 2505 Divom
746 2443 917 2523 amplexae
926 2439 1104 2505 simulacra
1116 2443 1285 2505 sedebant.

350 2544 464 2626 Ipsum
478 2555 589 2610 autem
600 2547 717 2610 sumtis
728 2547 897 2610 Priamum
914 2545 1123 2610 iuvenalibus
1135 2546 1240 2611 armis

350 2647 396 2709 Ut
409 2647 508 2710 vidit:
519 2651 617 2733 ,Quae
629 2669 725 2711 mens
743 2658 811 2711 tarn
828 2648 920 2731 dira,
931 2648 1116 2713 miserrime
1132 2650 1274 2731 coniux,

351 2861 426 2921 Non
435 2858 500 2923 -tali
517 2858 659 2942 aurili0,
674 2880 736 2923 nec
750 2840 978 2923 deiensoribus
987 2859 1056 2925 istis

351 2966 497 3049 Tempus
508 2976 598 3051 eget3
615 2984 698 3047 non,
715 2965 824 3049 siipse
837 2988 931 3032 meus
940 2990 1033 3032 nune
1043 2970 1171 3034 adforet
1180 2972 1309 3033 Hector·

352 3069 429 3131 Huc
442 3069 575 3132 tandem
585 3073 748 3159 qoncede3
764 3073 916 3135 baccara
931 3072 1077 3135 tuebitur
1088 3073 1215 3139 omnis:

352 3175 418 3236 Aut
432 3172 573 3237 moriere
583 3173 693 3239 simul.
713 3174 767 3237 Sic
780 3193 838 3238 ore
855 3171 969 3266 effata,
983 3176 1109 3259 recepit
1156 3165 1158 3170 ¹

353 3281 405 3343 Ad
418 3301 505 3365 sese,
518 3290 550 3345 et
562 3301 655 3346 sacra
664 3285 866 3369 longaevum
881 3282 921 3347 in
936 3286 1014 3347 sede
1028 3284 1161 3351 locavit.

393 3387 477 3450 Eece
490 3396 601 3452 autem
616 3390 746 3473 elapsus
758 3388 879 3477 Pyrrhi
895 3392 937 3454 de
950 3393 1050 3455 mede
1060 3392 1198 3477 Polites,

354 3488 448 3551 Unus
463 3500 617 3553 natorum
628 3492 764 3575 Priami,
777 3514 838 3576 per
854 3495 932 3575 tela,
945 3515 1007 3575 per
1020 3494 1123 3558 hostis

355 3586 539 3654 Porticibus
551 3592 660 3681 longis
673 3595 773 3681 fugit,
793 3605 826 3659 et
841 3616 946 3660 vacua
963 3596 1047 3681 atria
1063 3601 1181 3671 lustrat

355 3692 500 3759 Saucius.
520 3696 622 3761 Illum
636 3701 756 3767 ardeus
771 3701 890 3767 infesto
907 3705 1044 3770 volnere
1053 3708 1204 3789 Pyrrhus
