2809 4817
322 322 367 385 aa
626 302 979 369 aeumnos
1120 326 1251 391 mos

320 454 422 537 Spem
439 446 532 515 voltu
550 448 698 533 simulat,
715 450 837 534 premit
847 451 951 516 altum
965 451 1067 514 corde
1086 452 1251 518 dolerem.

320 555 378 621 Illi
394 574 428 619 se
440 556 583 639 praedae
597 554 775 643 accingunt
790 555 999 639 dapibuaqqc
1011 553 1151 621 lutus-ist

197 714 199 724 ,
321 664 470 749 Tergora
481 662 652 747 deripiunt
664 663 777 745 costis,
792 671 827 727 et
840 662 968 727 viscera
981 664 1127 741 nudant3

288 846 290 851 ι
322 770 402 832 Pars
414 768 453 831 in
464 768 711 851 srustasecant,
726 768 926 851 veribusque
936 768 1110 833 uenientia
1125 766 1251 854 figunt3

321 877 435 943 Litore
448 882 532 940 aena
545 879 656 942 locant
669 878 746 959 alii,
765 879 980 959 dammasque
995 876 1199 955 ministrant3

321 987 412 1050 Turn
429 984 518 1051 victu
533 996 689 1050 revocant
703 986 811 1065 vireas
829 985 962 1067 fusique
972 1004 1034 1067 per
1045 984 1186 1047 herbam

323 1091 510 1174 Implentur
526 1092 644 1155 veteris
657 1090 778 1156 Bacchi
794 1087 999 1177 pinguisque
1013 1088 1152 1155 lemnae.

325 1199 506 1279 Postquam
518 1208 645 1262 exemta
657 1199 762 1263 fames
776 1198 899 1283 epulis,
916 1216 1115 1278 mensaeque
1128 1206 1296 1281 remotae,

295 1359 298 1367 ,
323 1304 470 1398 Amissus
483 1306 586 1395 longo
599 1305 705 1371 socios
715 1316 868 1371 sermone
879 1304 1069 1386 requirunt3

324 1412 491 1493 Spemque
504 1422 696 1501 metumque
709 1413 798 1477 inter
813 1412 927 1494 dubii,
941 1431 998 1474 seu
1009 1410 1125 1474 rivere
1136 1411 1297 1493 credam,
1392 1413 1393 1422 ’

325 1511 402 1577 Sive
416 1522 563 1577 extrema
574 1511 661 1596 pati,
678 1534 740 1577 nec
753 1513 823 1577 iam
837 1510 993 1577 exaudire
1006 1522 1151 1575 vocatos.

325 1615 507 1698 Praecipue
523 1614 598 1699 pius
612 1617 755 1698 Aeneas,
768 1636 859 1681 nunc
873 1615 959 1681 acris
968 1614 1104 1696 Oronti,

203 1734 205 1739 ’
325 1722 423 1783 Nunc
431 1720 552 1804 Amyci
568 1719 816 1807 casnm'gemit,
835 1729 868 1785 et
886 1718 1036 1785 crudelia
1050 1735 1165 1783 secum
1218 1763 1220 1766 -

326 1828 406 1889 Fata
416 1825 518 1908 Lyci,
534 1826 720 1907 fortemque
733 1827 848 1908 Gyan,
860 1824 1048 1905 fortemque
1057 1824 1274 1887 Cloanthum.

367 1929 489 1992 Etiam
506 1926 582 1994 finis
594 1941 681 1993 erat:
701 1952 779 1993 cum
789 1930 939 2015 luppiter
949 1932 1082 1995 aethere
1092 1952 1225 1996 summo
1399 1995 1400 2002 ,

326 2034 518 2117 Despiciens
532 2054 624 2097 mare
639 2034 841 2117 velivolum,
857 2046 1024 2117 terrasque
1035 2034 1189 2119 iacentis,
1232 2053 1298 2116 aaa
1400 2087 1401 2092 η

326 2139 520 2222 Litoraque,
534 2151 566 2202 et
579 2142 663 2203 latos
679 2141 839 2223 populos,
853 2139 900 2203 sic
918 2140 1041 2203 vertice
1050 2140 1138 2204 coeli

326 2246 499 2329 Constitit,
517 2258 549 2311 et
559 2248 690 2331 Libyae
701 2245 817 2313 definit
834 2246 964 2310 lumina
977 2243 1099 2333 regnis.

326 2349 433 2432 Atque
445 2350 542 2415 illum
561 2352 634 2415 talis
646 2352 823 2417 iactantem
842 2359 975 2435 pectore
993 2368 1090 2413 curas

326 2454 482 2537 Tristior,
500 2466 532 2518 et
549 2456 694 2520 lacrimis
714 2459 829 2520 oeulos
840 2451 966 2517 suffusa
983 2452 1134 2534 nitentis,

326 2562 529 2641 Adloquitur
539 2565 668 2628 Venus:
689 2564 722 2625 0
735 2560 1107 2642 quireshominutnque
1119 2556 1299 2643 Deumque

325 2669 476 2739 Aeternis
491 2670 579 2758 regis
592 2670 760 2755 imperiis,
776 2679 809 2734 et
829 2668 972 2733 lulmiue
991 2676 1108 2748 terres,
1177 2755 1179 2758 Ι

243 2836 249 2851 p
328 2769 419 2855 Quid
434 2792 527 2835 meus
542 2774 668 2835 Aeneas
681 2771 720 2835 in
733 2783 765 2836 te
778 2771 985 2866 committere
998 2778 1142 2851 tantum,
1248 2799 1251 2803 ¹

327 2877 418 2963 Quid
432 2880 534 2943 Trois
549 2882 710 2962 potuere?
729 2880 866 2961 quibus,
888 2889 935 2942 tot
949 2879 1069 2943 funera
1081 2876 1199 2961 passis,
1304 2876 1309 2890 ’

327 2984 473 3043 Cunctos
490 2984 534 3045 ob
551 2982 682 3045 Italiam
698 2993 860 3049 terrarum
875 2984 1041 3048 clauditur
1054 2981 1169 3047 orbis?

326 3086 423 3147 Certe
439 3084 519 3149 hinc
529 3088 697 3149 Romanos
712 3086 812 3168 olim,
823 3085 1033 3149 volventibus
1046 3084 1160 3166 anun,

326 3188 416 3253 Hine
429 3189 501 3253 fore
512 3191 679 3271 ductores,
693 3199 847 3253 revocato
857 3211 878 3253 a
886 3191 1048 3277 sanguine
1059 3189 1206 3274 Teucri,

328 3294 395 3380 Qui
407 3315 514 3377 mare,
532 3295 591 3375 qui
611 3296 819 3360 terrasomni
832 3296 959 3372 ditione
976 3307 1142 3378 tenerent,
1203 3376 1204 3384 ἵ
1255 3361 1264 3377 x
1296 3304 1304 3322 '

215 3419 217 3433 “
327 3400 508 3464 Pollicitus.
529 3404 623 3487 Quae
643 3411 689 3484 te,
708 3400 855 3489 genitor,
869 3402 1035 3468 sententia
1049 3401 1173 3464 vertit?
1318 3464 1321 3468 ,

329 3508 403 3571 Hoc
417 3503 573 3587 equidem
587 3525 738 3569 occasum
749 3506 869 3569 Troiae
887 3507 1053 3590 tristisque
1070 3506 1185 3572 ruinas

329 3614 485 3693 Solabar,
503 3611 578 3674 fatis
595 3612 843 3676 contrarietate
857 3617 1052 3698 rependens.
1079 3627 1084 3639 '

329 3720 426 3782 Nunc
442 3719 557 3781 eadem
576 3718 708 3783 fortuna
721 3713 871 3805 virosu'tot
883 3719 1012 3789 esitus
1029 3728 1120 3786 actos
