2809 4817
358 382 396 444 rs
660 376 1016 480 nrnnrnos
1175 406 1283 471 ως.

352 525 550 617 Progeniem
567 528 626 591 sed
644 525 735 590 eninr
752 526 898 592 Troiano
913 530 1109 618 asanguine
1123 531 1213 598 duci.

351 636 523 717 Audierat,
537 634 658 720 Tyrias
672 634 756 699 olim
767 654 854 717 quae
865 646 1008 701 verteret
1024 655 1133 702 arcese

352 744 441 808 Hine
459 744 634 827 populum,
654 742 721 805 late
730 762 861 827 regem,
879 744 1037 825 belloque
1047 746 1248 830 superbum,
1306 767 1310 776 ’

351 850 540 915 Venturum
551 846 684 915 'excidio
699 845 847 930 Libyan
865 846 913 911 sic
926 846 1060 911 volvere
1073 850 1202 914 Parcas.

219 950 234 980 *
300 1036 303 1039 Ι
350 956 392 1019 Id
401 966 564 1039 metuens,
582 954 769 1037 veterisque
781 972 910 1018 memor
921 954 1077 1039 Saturnia
1093 944 1192 1039 belli,

253 1095 256 1099 ·
350 1064 462 1127 Prima
476 1064 567 1144 quod
576 1064 620 1125 ad
634 1060 770 1124 Troiam
787 1076 850 1144 pro
866 1060 951 1125 raris
966 1073 1109 1155 gesserat
1121 1063 1236 1151 Argiae

350 1170 418 1233 Nee
430 1172 510 1235 dum
521 1168 621 1231 etiam
639 1184 757 1231 causae
765 1160 892 1229 irarum
903 1165 1059 1246 saevique
1073 1167 1207 1231 dolum

349 1274 546 1339 Exciderant
563 1272 697 1352 arrim03
711 1262 823 1337 riranet
836 1274 904 1334 alta
917 1282 1029 1337 mente
1040 1282 1213 1364 repostum

348 1378 517 1447 Iudicium
532 1360 674 1461 Paridis,
694 1386 889 1461 spretaeque
904 1374 1027 1439 iniuria
1040 1373 1186 1460 formae,

349 1484 390 1545 Et
401 1504 506 1569 genus
516 1481 680 1563 inrisum,
696 1490 729 1543 et
739 1480 828 1564 rapti
836 1480 1042 1564 Ganymedis
1052 1482 1212 1547 honorosa

348 1588 410 1653 His
426 1608 562 1652 accensa
577 1606 692 1671 super,
707 1586 845 1670 iactatos
859 1607 1005 1669 aequore
1021 1597 1090 1652 toto
1138 1609 1141 1634 ¹

347 1696 467 1778 Troas,
485 1693 642 1774 reliquias
654 1690 810 1757 Danaum
827 1703 927 1775 atque
942 1694 1081 1761 immitis
1092 1696 1233 1783 munti,-

346 1800 490 1863 Arcebat
505 1799 606 1884 longe
621 1795 732 1878 Latio;
752 1799 941 1879 multosque
955 1821 1017 1883 per
1031 1819 1138 1867 annos
1185 1827 1189 1836 ·

216 1934 223 1943 =
346 1904 509 1964 Errabant
524 1900 590 1963 aeti
605 1899 682 1965 fatis
696 1900 805 1963 maria
820 1900 934 1964 omnia
950 1900 1088 1969 circum.

345 2004 472 2073 Tantae
487 2006 586 2071 molis
602 2016 674 2070 erat
689 2008 878 2069 Romanam
896 2009 1040 2071 condere
1053 2015 1199 2095 gentem.

386 2114 453 2179 Vix
468 2136 488 2176 e
505 2101 831 2195 eonspectucsiculae'
849 2107 978 2175 telluris
993 2110 1032 2175 in
1048 2114 1155 2178 altum
1271 2115 1319 2197 34

345 2218 429 2282 Vela
446 2217 584 2297 dabant,
597 2211 676 2277 laeti
696 2221 729 2275 et
741 2232 876 2296 spumas
887 2211 965 2276 salis
976 2230 1053 2276 aere
1072 2216 1229 2295 ruebantt

299 2308 301 2314 ’
344 2324 430 2385 Cum
442 2322 545 2403 Iuno,
560 2327 734 2383 aeternum
750 2339 885 2383 servans
897 2320 961 2385 sub
974 2326 1109 2402 pertore
1124 2318 1263 2404 vamur,

340 2430 435 2493 Haec
449 2436 579 2492 seeum:
596 2430 695 2489 Mene
704 2428 838 2508 inoepto
848 2424 1003 2489 demere
1014 2424 1155 2509 uotam,

343 2530 411 2595 Nec
428 2517 523 2613 posse
535 2528 631 2591 Italia
643 2530 850 2611 Teucrorum
863 2539 1012 2595 avertere
1029 2530 1166 2618 regem?
1248 2515 1251 2524 ¹

342 2637 477 2723 Quippe
490 2645 586 2699 vetor
598 2634 684 2700 fatis.
704 2636 860 2699 Pallasne
870 2655 1009 2700 eximere
1021 2638 1158 2701 classem

340 2739 517 2829 Argivum,
536 2749 635 2821 atque
648 2738 737 2823 ipsos
746 2740 855 2822 potuit
867 2742 1082 2829 submergere
1093 2748 1216 2831 poulo,

342 2848 450 2911 Unius
462 2850 507 2909 ob
519 2867 642 2931 noxam
652 2857 685 2910 et
695 2847 801 2911 furias
813 2846 923 2911 Aiacis
936 2848 1048 2922 Oilei?
1091 2872 1097 2882 ·

306 3010 313 3023 ,
341 2954 431 3035 Ipsa,
445 2951 534 3015 lovis
545 2951 701 3035 rapidum
712 2950 1048 3015 iaculalaenubibus
1059 2950 1193 3038 ignem,

341 3057 545 3139 Disiecitque
560 3068 661 3142 rates,
677 3058 859 3140 evertitque
872 3078 1018 3139 aequora
1030 3058 1155 3138 ventiss

249 3244 251 3247 Ι
340 3166 459 3248 Illum,
473 3164 693 3246 exspirantem
708 3154 864 3227 uenitixo
876 3168 1010 3245 pectore
1021 3162 1192 3245 flamma-q

315 3317 319 3327 .
340 3271 489 3335 Turbine
503 3268 678 3353 corripuit,
697 3270 904 3351 scopuloque
918 3263 1027 3329 infixit
1039 3275 1148 3329 acuto.

340 3378 398 3440 Asi
409 3395 487 3462 ego,
508 3392 593 3455 quae
605 3372 729 3435 Divom
744 3372 863 3435 incedo
874 3368 1005 3458 regina,
1020 3368 1176 3449 Iovisque
1257 3375 1262 3382 '

309 3494 311 3499 “
340 3488 381 3548 Et
395 3503 490 3547 soror
507 3492 540 3545 et
551 3480 687 3563 coniux,
701 3500 856 3545 unacum
868 3487 968 3565 gente
980 3485 1146 3541 totannos

338 3592 431 3654 Bella
443 3608 535 3675 gero.
554 3588 595 3649 Et
606 3586 782 3667 quisquam
797 3604 923 3647 numen
936 3578 1074 3645 Iunonis
1085 3581 1204 3643 adorei

339 3677 531 3776 Praeterea,
547 3704 605 3755 aut
615 3696 756 3777 supplex
766 3692 833 3754 aris
848 3689 999 3772 imponat
1011 3686 1195 3751 honorem?

378 3800 474 3866 Talia
486 3802 653 3865 flammato
668 3820 781 3871 seeum
792 3801 865 3865 Dea
877 3799 977 3863 corde
990 3797 1164 3879 volutans,
