2809 4817
348 432 407 502 358
653 435 854 498 cluss
895 433 997 498 aas.

349 585 476 667 Quam,
488 583 574 644 mala
584 579 761 663 multiplici
773 581 931 642 iuvenum
950 579 1041 661 quod
1052 585 1166 661 saepta
1179 585 1302 642 caterva

349 685 486 750 Dixerat
500 694 598 771 atque
610 684 723 748 animo
735 683 891 746 meretrix
907 684 1025 748 iactata
1040 685 1208 767 ferarum,

349 791 513 856 Infamem
534 787 593 852 tali
605 787 725 878 merito
739 808 872 852 mmore
889 787 1006 872 fuisse,
1059 789 1064 800 “

350 899 456 961 Docta
468 892 679 978 Palaephatia
697 905 831 960 testatur
844 915 930 960 voce
950 918 1107 982 papyrus.

351 999 541 1087 Quidquid,
560 1007 592 1062 et
602 1009 640 1061 ut
655 999 794 1080 quisque
808 1009 855 1062 est
872 999 930 1061 tali
943 1001 984 1063 de
1004 1000 1097 1064 clade
1113 999 1259 1084 locutus,

354 1101 478 1166 Omnia
494 1101 576 1164 sint:
595 1101 704 1182 potius
718 1101 816 1164 liceat
831 1113 996 1167 notescere
1013 1103 1126 1182 Cirin3

354 1209 460 1286 Atque
477 1224 578 1268 unam
596 1225 637 1266 ex
653 1201 766 1266 multis
776 1205 923 1286 Scyllam
937 1226 1011 1276 non,
1020 1225 1088 1270 esse
1108 1208 1240 1290 puellis.

354 1313 483 1394 Quare,
499 1328 604 1391 quae,
621 1319 736 1371 cantus
753 1307 925 1372 meditanti
936 1309 1064 1377 mittere
1075 1323 1199 1391 certos,

354 1418 476 1502 Magna
487 1411 572 1477 mihi
583 1411 703 1499 cupido
725 1409 881 1474 tribuistis
897 1411 1060 1493 praemia,
1075 1411 1183 1474 Divae
1215 1403 1218 1408 ’

356 1520 518 1585 Pierides:
539 1513 680 1602 quarum
695 1529 798 1583 castos
811 1515 927 1580 altaria
940 1526 1047 1600 postes

356 1629 495 1691 Munere
511 1641 608 1708 saepe
625 1643 701 1685 meo
716 1620 885 1702 inficiunt,
899 1615 1090 1701 foribusque
1103 1615 1277 1722 ¹hyacinthi
1355 1663 1361 1686 ,
1384 1709 1385 1724 ,

356 1732 537 1812 Deponunt
550 1731 660 1810 flores,
670 1740 727 1792 aut
740 1747 839 1790 suave
857 1727 979 1790 rubens
994 1724 1175 1806 narcissus,

357 1836 423 1897 Aut
438 1851 552 1896 crocus
567 1834 694 1896 alterna
713 1830 894 1936 corgiugens
914 1830 986 1892 lilia
1003 1833 1131 1912 caltha,

243 2013 250 2035 ,
358 1937 540 2019 Sparsaque
554 1932 725 1998 liminibus
740 1936 833 1997 floret
853 1953 949 1996 rosa:
967 1955 1056 1997 nunc
1070 1955 1148 2020 age,
1166 1934 1276 2018 Divae,
1385 1983 1386 2006 ,

360 2040 540 2123 Praecipue
555 2048 667 2104 nostro
687 2059 776 2102 nrsnc
791 2038 956 2121 adspirate
970 2038 1096 2115 lahori3
1272 2055 1305 2129 99

285 2154 290 2164 '
361 2149 467 2226 dique
475 2163 601 2210 novum
610 2154 744 2206 aeterno
755 2143 933 2226 praetexite
947 2146 1076 2206 honore
1087 2146 1256 2209 volumen.

401 2254 484 2316 Sunt
499 2247 690 2315 Pandioniis
702 2247 832 2312 vicinae
849 2247 982 2311 sedibus
1001 2249 1118 2331 urbes,

362 2361 499 2422 Actaeos
513 2357 599 2420 inter
616 2355 710 2419 collis
724 2365 755 2418 et
771 2354 912 2418 candida
924 2355 1044 2418 Thesei
1092 2383 1097 2394 ·
1120 2375 1126 2380 ·

362 2462 541 2547 Purpureis
556 2463 622 2527 late
630 2461 776 2528 ridentia
790 2463 887 2527 litora
901 2465 1058 2529 conchisa

363 2570 515 2654 Quarum
528 2585 596 2628 non
609 2565 672 2658 ulli
683 2567 771 2630 fama
785 2571 964 2632 concedere
980 2569 1082 2655 digna

364 2681 434 2742 Stat
446 2681 594 2764 Megara,
611 2675 723 2740 Actaei
738 2679 906 2759 quondam
921 2677 1050 2741 munita
1065 2677 1183 2744 labore

247 2810 256 2829 ·
365 2783 534 2867 Alcathoi,
548 2783 754 2867 Phoebique;
770 2787 1018 2880 Deuspamquc
1032 2783 1140 2847 adfuit
1154 2783 1221 2850 illi:

365 2893 463 2954 Unde
481 2889 597 2973 etiam,
615 2889 760 2970 citharae
778 2909 874 2953 voces
888 2888 1034 2953 imitatus
1047 2900 1175 2972 acutas,

367 2998 471 3076 Saepe
486 2990 570 3075 lapis
583 2995 735 3074 recrepat'
744 2993 897 3074 Cyllenia
912 3012 1049 3055 munera
1064 2995 1198 3076 pulsus,

367 3100 407 3158 Et
419 3107 564 3162 veterem
581 3097 689 3162 sonitu
708 3097 832 3160 Phoebi
843 3107 979 3162 testatur
991 3100 1166 3162 honorem.

367 3207 464 3271 Hanc
478 3203 611 3288 urbem,
631 3215 706 3267 ante
723 3205 805 3267 alios
819 3204 878 3286 qui
892 3214 961 3267 turn
976 3207 1111 3270 florebat
1128 3205 1165 3269 in
1178 3205 1288 3286 arath,

368 3300 501 3376 Fecerat
510 3311 662 3376 infestam
679 3313 856 3394 populator
873 3312 998 3397 remige
1015 3311 1142 3376 Minos:

369 3419 524 3502 Hospitio
544 3421 636 3502 quod
650 3439 684 3482 se
700 3418 769 3481 Nisi
786 3418 942 3501 Polyidos
956 3418 1064 3502 avito,

367 3524 587 3604 Carpathium
602 3523 732 3610 lugiens
745 3534 778 3587 et
795 3525 932 3588 humina
949 3528 1120 3608 Caeratea,

370 3629 520 3691 Texerat.
537 3632 636 3692 Hunc
650 3632 741 3694 bello
754 3643 905 3715 repetens
918 3630 1101 3714 Gortynius
1109 3633 1209 3695 heros
1230 3618 1233 3624 ⁵

371 3732 478 3797 Attica
493 3735 628 3797 Cretaea
643 3739 808 3800 sternebat
823 3755 901 3800 rura
916 3736 1043 3824 sagitta.
1098 3721 1103 3730 ’

276 3849 279 3857 “
372 3838 437 3903 scd
450 3860 558 3923 neque
571 3844 650 3906 tunc
662 3841 767 3926 cives,
779 3853 887 3926 neque
903 3850 981 3906 turm
993 3861 1052 3906 rex
1062 3835 1134 3924 ipse
1146 3847 1273 3903 veretur
