2809 4817
355 340 561 409 LIBER
600 338 669 407 Vl.
709 342 834 425 ua76.
1010 343 1077 408 v151

46 530 49 571 r
113 488 150 557 Et
157 493 278 571 Metus,
294 492 327 553 et
336 485 529 554 malesuada
539 485 670 566 Fames,
686 502 726 547 ac
738 481 843 567 turpis
854 483 1008 571 Egestam

46 576 48 603 ¹
115 594 287 662 Terribiles
304 591 377 655 risu
390 591 534 668 formam
546 590 751 672 letumque,
765 590 959 672 Labosque

116 705 197 767 Tum
212 695 479 785 consanguineus
496 696 568 759 Leti
580 697 706 779 Sopor;
721 703 754 757 et
770 695 860 756 mala
875 692 998 761 mentis

117 807 256 886 Gaudia3
273 800 550 883 mortiferumque
565 804 704 865 adverso
719 800 755 866 in
772 802 889 868 limine
900 803 1048 884 Bellum,

117 906 521 994 FerreiqueEumeriidum
534 904 686 988 thalami,
700 916 732 971 et
741 907 915 973 Discordia
924 910 1079 992 demens,

117 1017 290 1101 vipereum
305 1014 433 1079 crinem
452 1012 541 1076 vittis
553 1010 676 1077 innexa
692 1014 851 1081 cruentis.
890 998 895 1006 ’

152 1126 189 1185 ln
199 1120 313 1187 medio
327 1140 438 1185 ramos
449 1138 641 1203 annosaque
652 1120 790 1186 brachia
803 1119 922 1205 pandit

117 1230 229 1309 Ulmus
242 1234 367 1311 opaca,
380 1224 513 1311 ingens:
530 1244 631 1306 quam
648 1226 760 1288 sedem
771 1226 907 1289 Somnia
921 1228 1025 1315 volgo

118 1337 203 1398 Vana
217 1343 331 1395 tenere
346 1328 477 1413 ferunt,
490 1327 644 1411 foliisque
657 1330 720 1421 sub
736 1329 892 1393 omnibus
907 1332 1057 1395 haerent.

118 1438 281 1519 Multaque
295 1444 469 1519 praeterea
482 1433 652 1499 variarum
664 1443 810 1497 monstra
824 1432 986 1517 ferarum,

119 1539 267 1603 Centauri
281 1539 317 1603 in
332 1538 460 1605 foribus
470 1540 649 1621 stabulant,
661 1539 858 1621 Scyllaeque
871 1540 1047 1625 biformes,

118 1648 151 1710 Et
161 1643 446 1733 centumgeminus
459 1644 624 1726 Briareus,
638 1664 678 1708 ae
693 1645 807 1709 bellua
820 1645 949 1712 Lernae

119 1754 324 1819 Horrendum
338 1750 497 1832 stridens,
511 1748 718 1834 flammisque
732 1761 859 1818 armata
871 1751 1067 1835 chimaera,

120 1863 298 1949 Gorgones,
309 1856 559 1945 Harpyiaeque,
568 1868 600 1923 et
610 1858 719 1924 forma
729 1856 1077 1943 tricorporisumbraa.
1134 1864 1145 1879 ‘

120 1963 256 2047 Corripit
267 1954 323 2026 hie
335 1962 445 2027 subita
461 1961 606 2045 trepidus
623 1962 804 2035 formidine
817 1964 944 2031 ferrum

119 2072 251 2153 Aeneas,
264 2069 478 2150 strictamque
493 2069 598 2133 aciem
608 2066 944 2155 venientibusoffrra
1018 2090 1076 2159 aaa

119 2176 167 2257 Et,
180 2176 218 2237 ni
231 2176 328 2238 docta
338 2194 448 2237 comes
462 2172 569 2237 tenuis
585 2172 659 2239 sine
675 2193 816 2257 eorpore
832 2174 916 2239 vitas

120 2281 295 2347 Admoneat
311 2279 452 2345 volitare
465 2298 546 2344 cava
556 2282 620 2342 sub
632 2278 779 2366 imagine
793 2279 936 2363 formae,

120 2386 232 2467 quat,
249 2395 284 2447 et
297 2383 419 2448 frustra
430 2382 519 2462 ferro
536 2380 724 2446 diverberet
740 2382 887 2445 umbras.

153 2489 238 2555 Hinc
252 2488 323 2571 via,
335 2485 485 2552 Tartarei
497 2498 583 2570 quae
594 2485 913 2567 fertdcherontisad
922 2486 1041 2553 undas.

121 2592 278 2656 Turbidus
287 2585 343 2656 bic
358 2610 464 2655 coeno
477 2600 637 2673 vastaque
647 2589 807 2676 uoragine
821 2610 941 2679 gurges

120 2698 259 2777 Aestuat,
276 2704 375 2775 atque
389 2713 524 2757 omnem
539 2697 667 2777 Cocyto
681 2702 808 2759 eructat
827 2713 976 2759 arenam.
1062 2743 1066 2752 .

120 2798 254 2863 Portitor
267 2800 326 2863 has
339 2796 527 2861 horrendus
537 2815 638 2878 aquas
653 2805 685 2858 et
698 2794 839 2857 flumina
853 2804 963 2860 servat

120 2904 268 2971 Terribili
281 2904 435 2987 squalore
449 2904 599 2966 Charon:
614 2902 669 2968 oui
681 2900 828 2994 plurima
846 2911 961 2964 mento

121 3012 256 3077 Canities
274 3010 400 3075 inculta
414 3008 518 3089 iacet,
533 3017 621 3075 stant
631 3008 762 3071 lumina
773 3009 929 3085 bamma;

121 3117 270 3190 Sordidus
290 3137 332 3179 ex
348 3114 497 3181 humeris
512 3116 603 3179 nodo
619 3116 787 3201 dependet
802 3113 954 3178 amictus.

119 3220 186 3303 lpse
198 3232 303 3287 ratem
315 3232 414 3285 conto
426 3220 729 3309 subigit,velisque
741 3204 927 3305 ministrat,
1014 3209 1020 3223 ’

120 3327 155 3391 Et
168 3329 356 3419 ferruginea
368 3331 537 3395 subvectat
555 3350 697 3415 corpora
715 3336 854 3418 cymba,

119 3432 184 3497 lam
198 3436 327 3516 senior,
347 3439 404 3503 sed
421 3438 523 3505 cruda
532 3439 605 3503 Deo
620 3438 803 3523 viridisque
812 3449 977 3514 senectus-⁷

120 3535 190 3603 Huc
204 3538 314 3605 omnis
331 3541 429 3604 turba
443 3542 486 3603 ad
499 3538 589 3627 ripas
602 3536 707 3606 effusa
724 3544 865 3627 ruebat,

122 3638 238 3706 Matres
252 3652 352 3724 atque
364 3643 446 3727 viri,
462 3645 682 3727 defunctaque
696 3665 838 3729 corpora
852 3646 922 3713 vita

120 3743 369 3835 Magnanimum
382 3750 543 3835 heroum,
552 3748 651 3841 pueri
669 3747 898 3839 innuptaeque
913 3750 1063 3839 puellae,
