2809 4817
353 374 413 439 sos
658 358 1007 427 subulcos
1151 361 1271 443 1445.

319 486 324 497 ⁵
353 512 496 581 Tollitur
505 508 541 577 in
553 508 683 575 eoelum
693 509 836 582 clamem
849 504 1025 585 cunctique
1033 505 1146 569 latini

355 626 554 687 Convertere
567 617 691 681 oculos.
700 604 924 697 Volatigneus
933 631 1078 693 aequore
1089 614 1235 694 Tarcho,
1365 675 1366 680 ,

355 732 456 795 Arma
465 718 774 803 virumquelercns3
791 726 861 779 tum
871 735 1000 779 summa
1009 716 1114 799 ipsius
1127 719 1171 781 ab
1184 720 1274 781 basta
1366 737 1368 822 y

356 824 522 913 Destingit
536 824 678 901 serrum,
694 827 728 881 et
739 815 841 900 partis
853 814 993 879 rimatur
1010 826 1161 899 apertas,
1196 842 1200 845 ·

288 942 292 947 '
357 941 433 1023 Qua
442 936 561 997 volnus
568 931 666 994 letale
674 928 776 992 fetata
789 935 905 990 conns
918 924 978 989 ille
993 945 1198 1021 repugnans*

357 1038 501 1105 Sustinet
514 1036 533 1098 a
547 1034 663 1121 iugulo
677 1035 839 1113 dextram,
857 1040 890 1095 et
905 1032 975 1093 vim
987 1030 1115 1095 viribus
1135 1031 1216 1095 exit.
1368 1037 1370 1140 l

358 1150 467 1229 thue
481 1145 596 1207 volans
606 1143 671 1204 alte
681 1148 814 1225 raptum
823 1159 901 1205 cum
910 1136 1002 1203 fulva
1013 1143 1199 1205 draconem

359 1256 434 1319 Fert
443 1251 569 1335 aquila,
579 1248 1044 1332 implicuitquepedes,atque
1054 1250 1228 1337 unguibus

808 1394 811 1408 .
888 1353 1016 1417 haesita

361 1459 496 1526 Saucius
513 1469 547 1524 at
561 1478 696 1543 serpens
706 1453 837 1521 sinuosa
847 1456 1018 1519 uolumina
1031 1465 1160 1541 versat,

243 1632 246 1637 .
360 1570 569 1650 Arrectisque
585 1570 699 1630 horret
710 1565 873 1647 squamis,
890 1575 922 1629 et
932 1566 1044 1629 sibilat
1057 1586 1135 1650 ore,

362 1674 492 1737 Arduus
501 1670 690 1755 insurgens:
705 1667 765 1729 illa
780 1669 872 1729 baud
885 1665 995 1729 minus
1012 1676 1108 1751 urget
1128 1670 1259 1731 obunco

362 1780 556 1841 Luctantem
569 1781 694 1850 rostr03
715 1771 816 1835 simul
832 1775 966 1835 aethera
979 1775 1136 1846 uerberat
1150 1770 1221 1837 alis
1240 1827 1244 1833 .

362 1884 464 1948 Haud
473 1880 569 1945 aliter
577 1881 736 1963 praedam
744 1880 921 1943 Tiburtum
931 1900 973 1943 ex
984 1879 1118 1967 agmine
1128 1877 1252 1942 Tarcho
1374 1937 1375 1950 ἶ

364 1992 476 2053 Portet
485 2007 601 2050 ovans.
612 1984 713 2049 Ducis
724 1988 914 2068 exemplum
926 1996 1149 2068 eventumque
1160 1984 1255 2053 secuti

364 2094 559 2161 Maeonidae
571 2088 758 2155 incurrunt.
772 2090 859 2152 Tum
869 2091 944 2154 fatis
953 2088 1083 2183 debituq
1095 2094 1222 2157 Arruns
1259 2088 1308 2171 759
1375 2085 1376 2128 t

364 2194 523 2266 Velocem
538 2195 650 2259 iaculo·
659 2201 691 2256 et
704 2194 810 2255 multa
822 2191 915 2275 prior
928 2202 998 2256 arte
1014 2192 1195 2258 Camillam

367 2301 664 2383 Circuit,et,qt1ae
681 2296 723 2360 sit
738 2297 871 2361 fortuna
886 2296 1059 2378 facillima,
1078 2306 1194 2361 tentat.

362 2413 630 2496 Quasecunque
639 2404 754 2488 tureos
763 2402 875 2467 medio
886 2404 960 2467 tulit
971 2404 1106 2491 agmine
1115 2406 1236 2493 virgo,-

365 2518 440 2579 llac
450 2516 576 2576 Arruns
588 2510 688 2592 subit,
702 2520 733 2573 et
747 2510 864 2575 tacitus
873 2511 1011 2598 vestigia
1023 2512 1153 2577 lustrat:

369 2618 572 2707 Quavictrix
583 2615 668 2683 redit
677 2616 754 2700 illa,
764 2620 948 2700 pedemque
959 2639 1000 2682 ex
1009 2622 1103 2683 hoste
1118 2626 1275 2704 reportat,

368 2730 442 2789 Hac
456 2724 586 2789 iuvenis
597 2723 715 2789 firrtim
727 2723 841 2787 celeris
850 2707 1022 2803 detorquet
1034 2725 1194 2789 habenas.

315 2808 320 2821 ²
370 2832 440 2893 Hos
450 2828 717 2911 aditus,iamquc
729 2828 790 2890 bos
802 2827 1141 2910 aditus,.omuemquc'
1150 2834 1288 2913 pererrat

238 2958 240 2969 ·
371 2934 527 3015 Undique
542 2934 731 3013 circuitum
746 2943 780 2997 et
797 2945 920 2998 certam
936 2935 1042 3018 quatit
1056 2936 1232 3021 improbus

955 3040 1094 3103 hastam.
1137 3092 1141 3099 ,

372 3148 469 3211 Forte
479 3164 571 3209 sacer
583 3145 729 3229 Cybelae
739 3143 1075 3228 Chloreus,olimquc
1085 3150 1249 3230 sacerdos,

371 3240 627 3341 Insignislouge
636 3248 790 3335 Phrygiis
799 3249 950 3333 fulgebat
963 3247 1129 3330 inarmis,

246 3374 248 3378 ·
373 3358 653 3439 Spumantemque
666 3356 812 3442 agitabat
823 3374 965 3437 equum:
980 3376 1082 3437 (prem
1091 3342 1209 3438 pellis,
1221 3351 1304 3419 atris

374 3464 415 3525 In
427 3464 577 3546 plumam
586 3460 751 3545 squamis,
766 3482 849 3525 auro
862 3456 1012 3525 conserta
1024 3459 1167 3547 tegebat.

375 3566 467 3647 Ipse,
481 3565 658 3651 peregrina
671 3564 841 3651 ferrugine
855 3567 962 3630 clarus
974 3575 1126 3647 etostro,
1217 3623 1220 3630 t

378 3668 511 3753 Spicula
525 3672 698 3751 torquebat
711 3671 817 3753 Lycio
826 3660 989 3753 Gortynia
999 3664 1129 3747 cornua

269 3831 272 3837 .
378 3778 505 3841 Aureus
519 3775 718 3841 exhumeris
729 3785 941 3861 sonatarcus,
950 3784 985 3841 et
996 3795 1096 3841 aurea
1107 3773 1177 3839 vati
1214 3810 1219 3818 ³
1275 3813 1284 3823 ‹·
