2809 4817
339 434 361 499 6
576 436 1061 507 nnoust'uuwm

381 584 452 649 Lm.
469 582 508 647 Il.
528 582 659 667 Didonis
671 583 825 647 voluntati
839 582 956 648 morem
972 601 1078 669 gerens
1089 582 1227 661 Aeneas,
1244 582 1306 647 ex‘-

307 687 322 697 *
340 680 409 745 tidii
426 678 551 744 Troiani
573 680 679 743 seriem
707 696 819 742 narrat.
846 678 888 742 Ea
910 695 957 743 est
974 673 1165 744 huiusmodi:
1183 679 1305 745 Graeci

232 825 243 853 ,⁴
339 776 458 839 decimo
469 774 537 837 belli
554 774 677 839 Troiani
686 793 768 838 anno
781 773 891 837 attritis
903 774 961 835 iam
977 764 1116 849 virilius,
1131 776 1302 857 virtutique

278 882 281 887 ’
340 870 525 944 diffidentes,
541 870 578 931 ad
589 868 694 933 dolum
705 865 900 949 confugiunt:
920 883 1073 949 nocteque
1083 886 1136 941 ea,
1152 886 1232 949 quae
1245 887 1303 930 ur-

341 964 388 1027 bis
404 962 576 1046 incendium
586 961 771 1036 antecessit,
787 958 890 1043 fugam
903 958 1080 1022 simulantes
1090 1004 1101 1033 ‚
1112 959 1193 1021 eirca
1202 956 1304 1021 Tene·

340 1056 412 1119 dum
426 1053 560 1131 latitant,
577 1054 684 1118 relicto
694 1053 725 1115 in
742 1072 816 1132 agro
827 1051 966 1115 Troiano
979 1068 1061 1133 equo
1079 1050 1180 1133 ligneo
1197 1067 1302 1114 tantae

341 1146 569 1230 magnitudinis,
586 1159 621 1206 ut
630 1143 728 1226 portis
741 1142 823 1205 urbis
833 1142 927 1222 recipi
937 1159 998 1202 non
1009 1157 1132 1223 possets
1150 1142 1302 1203 eiusute-

340 1258 379 1303 ro
405 1236 599 1300 lectissimum
622 1250 776 1318 quemque
798 1249 960 1316 procerum
980 1231 1145 1295 includunt.
1172 1230 1302 1296 Troiani

337 1334 448 1417 partim
464 1331 570 1396 iraude
593 1330 713 1395 Sinonis
731 1323 867 1411 impulsi,
888 1324 997 1408 partim
1014 1323 1203 1386 Laocoontis
1223 1342 1301 1406 sup-

339 1424 431 1511 plicio
447 1426 570 1500 territi,
582 1424 680 1487 diruta
691 1422 771 1487 muri
782 1436 889 1504 parte,
904 1436 1016 1501 equum
1028 1418 1060 1480 iu
1074 1436 1145 1480 arce
1158 1433 1300 1483 statuunt

341 1542 407 1603 17-
420 1544 488 1605 ²49·
505 1520 604 1584 Nocte
624 1522 805 1603 intempesta
826 1516 937 1580 Graeci
957 1535 977 1577 a
997 1512 1125 1577 Tenedo
1147 1513 1299 1597 profecti,

338 1632 394 1699 per
408 1632 474 1677 eam
489 1614 567 1677 muri
586 1614 721 1687 ruinam,
741 1630 803 1693 qua
820 1628 918 1693 equus
930 1624 997 1671 erat
1013 1608 1222 1681 introductus,
1242 1626 1301 1668 ur-

338 1708 408 1771 bem
421 1706 579 1770 invadunt.
600 1704 693 1768 Sinon
713 1709 849 1788 reserato
868 1702 941 1785 equi
955 1718 1045 1766 utero
1061 1714 1194 1762 armatos
1207 1701 1300 1762 emit·

339 1800 394 1863 tit:
407 1798 510 1862 omnia
523 1795 606 1859 ferro
615 1793 802 1879 flammisque
817 1792 1101 1871 foedantur-267.
1118 1792 1238 1852 Aeneas
1253 1792 1301 1852 in·

216 1941 237 1978 ¹.
339 1894 427 1960 terim
440 1895 478 1957 ab
497 1892 632 1955 Hectore
645 1890 676 1953 in
690 1872 1057 1963 somnisadmonetur‚itt
1073 1885 1129 1947 sibi
1138 1880 1208 1967 fuga
1220 1899 1301 1947 con·

308 1998 312 2015 '
339 1984 436 2062 sulat,
457 1986 604 2069 Deosque
622 1984 738 2067 patrios
754 1982 896 2045 incendio
913 1982 1150 2065 eripiat-297.
1181 1976 1234 2039 llle
1251 1994 1301 2039 ta·

340 2096 425 2152 men,
440 2076 596 2141 honestam
606 2089 732 2145 mortem
746 2075 827 2156 turpi
838 2071 929 2162 fugae
943 2067 1254 2154 praeferens‚irustra
1265 2071 1300 2133 in
1322 2093 1325 2098 ·

338 2188 423 2231 arma
439 2170 509 2231 ruit.
525 2168 604 2229 Satis
617 2165 744 2247 feliciter
759 2168 872 2247 primus
890 2166 1022 2248 impetus
1035 2160 1171 2225 succedit
1182 2160 1300 2223 Troia-

339 2260 405 2335 nis,
416 2258 516 2323 donec
529 2255 838 2322 Coroebiconsilium
848 2258 967 2332 secuti,
987 2253 1094 2318 sumtis
1106 2253 1298 2319 Graecorum

341 2354 452 2429 armis,
472 2370 597 2415 suorum
608 2352 674 2416 telis
685 2355 859 2417 obruuntur
869 2372 985 2435 -437.
997 2349 1115 2424 interea
1130 2348 1236 2411 Priami
1246 2366 1299 2411 re-

338 2448 387 2529 gia
400 2464 610 2530 oppugnatur,
626 2446 819 2531 Priamusque
836 2448 901 2529 ipse
920 2467 938 2509 a
956 2445 1075 2527 Pyrrho
1088 2428 1219 2510 ‘Achillis
1230 2444 1298 2509 filio

338 2540 647 2624 interficitur-558.
659 2542 781 2605 Aeneas
799 2542 901 2625 itaque
918 2541 1030 2606 frustra
1052 2542 1176 2605 tentat'm
1195 2540 1299 2603 omni·

337 2632 416 2710 bus,
433 2654 502 2697 cum
513 2636 572 2699 iem
588 2638 661 2699 nihil
677 2639 741 2722 spei
755 2637 903 2721 reliquum
921 2653 1020 2715 esset,
1042 2655 1128 2701 sacra
1143 2636 1298 2698 Anchisae

338 2730 417 2815 patri
430 2732 608 2807 committit,
624 2746 726 2815 eoque
738 2732 769 2793 in
779 2732 921 2798 humeros
935 2732 1007 2797 suos
1016 2729 1154 2805 sublato,
1170 2728 1299 2791 adsum-

338 2822 438 2908 risque
461 2822 594 2888 Ascanio
609 2820 673 2885 filio
690 2822 869 2907 Creusaque
888 2842 1003 2898 uxore,
1025 2821 1125 2903 fugam
1141 2816 1299 2902 arripit-

257 2989 264 3011 ὖ
329 2914 408 2997 728.
430 2916 541 2979 Graeci
560 2936 577 2979 a
596 2934 682 3001 tergo
696 2918 907 2999 insequuntur.
931 2916 966 2979 llr
981 2934 1021 2978 eo
1041 2912 1173 2977 tumultu
1192 2912 1298 2975 Creu-

337 3028 401 3073 sam
416 3027 542 3071 uxorem
559 3004 685 3072 amittit:
707 3011 795 3073 cuius
809 3008 1000 3093 quaerendae
1018 3026 1108 3071 ceusu
1121 3024 1176 3090 per
1196 3023 1299 3069 totam

225 3172 227 3181 Ι
337 3094 444 3163 urbem
459 3102 612 3165 oberranti
623 3104 716 3167 obvia
725 3104 874 3169 fituxoris
886 3101 1016 3179 Umbra,
1038 3092 1299 3184 virumquemor··¹

336 3192 376 3257 tis
394 3212 467 3277 suae
485 3196 646 3260 certiorem
661 3197 741 3267 ,facit
756 3219 882 3281 -2794
899 3199 964 3281 ipse
975 3184 1023 3259 ‘ad
1044 3197 1145 3264 socios
1166 3194 1301 3257 reverti·

338 3300 409 3363 tur;
432 3307 496 3371 quo
521 3290 581 3356 iam
603 3278 732 3375 magnus⁸
747 3294 885 3357 vitorum
906 3291 1127 3374 mulierumque
1151 3308 1299 3354 numerus

266 3387 269 3392 “
334 3380 546 3475 conduxerat,
558 3385 624 3449 eius
636 3386 824 3467 auspicium,
842 3404 1029 3468 quocunque
1040 3403 1188 3458 terrarum
1198 3384 1300 3446 abdu-

294 3548 299 3561 Α
335 3492 406 3539 cere
423 3475 534 3551 vellet,
548 3478 634 3560 sequi
650 3480 923 3561 paratus-adfin.
1036 3465 1040 3475 ⁴

378 3565 448 3647 Lm.
462 3566 517 3631 111'.
537 3566 651 3631 Eversa
660 3568 774 3645 Troia,
787 3570 909 3635 Aeneas
927 3568 1063 3634 collectis
1079 3584 1204 3633 suorum
1220 3567 1297 3631 reli-

337 3655 434 3742 quiis,
444 3676 522 3740 quse
536 3659 620 3723 caedi
631 3658 819 3743 flammisque
831 3681 1026 3747 supererant,
1036 3681 1199 3749 parataque
1211 3663 1296 3745 apud

307 3768 309 3773 ’
337 3753 527 3818 Antandrum
541 3757 647 3839 viginti
665 3758 789 3820 navium
805 3757 919 3835 classe,
935 3762 1065 3841 primum
1082 3760 1113 3821 in
1130 3759 1296 3829 Thraciam

338 3842 490 3914 defertur:
509 3848 578 3929 ubi,
597 3868 667 3914 cum
686 3847 809 3916 futurae
830 3850 912 3918 urbis
927 3844 1123 3918 monumenta
1143 3867 1296 3937 poneret,
