2809 4817
347 332 658 399 LIBERIX·
699 333 826 397 nus.
905 378 915 395 .
999 334 1058 397 'aad

95 478 266 549 Continuo
283 498 411 562 puppes
423 478 627 559 abrumpunt
639 473 775 537 vincula
795 472 891 559 ripis,
936 470 940 475 ’

95 586 371 671 Delphinumque
389 584 492 645 modo
511 578 669 643 demersis
688 597 832 659 aequora
850 580 962 645 rostris

94 696 171 755 Ima
186 694 316 775 petu'nt.
330 685 418 751 Hinc
432 684 618 773 virgineae,
635 682 791 745 mirabile
807 694 1008 770 monstrum,

97 796 215 881 [Quot
225 790 317 875 prius
332 799 461 852 aeratae
473 796 629 859 steterant
642 789 685 849 ad
703 785 800 849 litora
820 789 959 874 prorae]

96 901 258 963 Reddunt
270 918 306 971 se
324 896 461 961 totidem
474 896 586 975 facies,
603 900 774 977 pontoque
791 893 954 958 feruutur.

139 1006 361 1090 Obstupuere·
370 1003 487 1067 animis
499 994 549 1065 Ru
554 1004 630 1079 tuli3
648 1003 844 1067 conterritus
857 1003 928 1087 ipse

100 1107 257 1173 Turbatis
270 1108 437 1189 Messapus
451 1105 562 1186 equis;
584 1115 758 1168 cunctatur
769 1115 802 1167 et
816 1106 923 1171 amnis

100 1218 218 1277 Rauca
233 1230 368 1291 sonans,
382 1218 579 1290 revocatque
591 1212 712 1293 pedem
721 1209 898 1286 Tiberinus
910 1216 953 1277 ab
964 1216 1042 1278 aito.
1125 1225 1130 1234 ’

101 1328 142 1386 At
159 1342 228 1385 non
244 1319 362 1383 audaci
379 1318 471 1383 cessit
489 1317 611 1381 fiducia
626 1321 763 1397 Turno;

102 1428 199 1487 Ultro
212 1421 342 1485 animos
356 1420 441 1483 tollit
455 1420 568 1503 dictis,
589 1433 688 1501 atque
702 1421 852 1507 increpat
866 1427 971 1490 uitro:

102 1532 266 1597 Troianos
281 1533 363 1593 haec
376 1538 523 1591 monstra
540 1538 674 1611 petunt3
693 1530 746 1593 his
760 1532 911 1615 luppiter
921 1534 992 1617 ipse

72 1634 76 1644 '
104 1637 276 1702 Auxilium
293 1634 428 1699 solitum
445 1634 582 1718 erIpuit:
600 1655 670 1698 non
682 1638 767 1721 tela,
782 1659 844 1701 nec
856 1626 955 1727 ignire

104 1740 303 1821 Exspectant
317 1738 467 1801 Rutulos.
484 1740 571 1825 Ergo
584 1738 690 1802 maria
706 1739 800 1805 invia
812 1744 963 1827 Teucris,

105 1844 171 1905 Nec
181 1862 257 1935 spes
269 1843 338 1907 ulla
351 1828 470 1927 fugace
489 1862 601 1906 rerum
614 1861 691 1925 pars
704 1845 808 1907 altera
824 1848 956 1911 ademta
971 1857 1028 1913 est.

106 1949 210 2010 Terra
227 1956 338 2009 autern
353 1945 391 2008 in
408 1943 526 2007 nostris
543 1944 719 2023 manibus3
735 1954 783 2007 tot
796 1947 918 2030 millia,
931 1962 1046 2034 gentes

106 2057 208 2119 Arma
220 2039 520 2117 feruutltalaessNil
535 2071 588 2114 me
603 2051 716 2114 fatalia
731 2059 870 2134 terrent,
1006 2062 1064 2121 13³

108 2160 139 2221 si
149 2178 216 2242 qua
228 2161 376 2243 Phryges
388 2174 468 2239 prae
483 2174 518 2218 sc
533 2153 673 2235 iactant,
692 2174 850 2239 responsa
860 2160 1018 2223 Deorum.

107 2266 159 2327 Sat
174 2263 252 2327 fatis
268 2254 455 2343 Venerique
466 2264 598 2345 datum,
620 2262 757 2349 tetigere
771 2262 861 2345 quod
874 2286 955 2329 arva

108 2341 242 2434 Fertilis
248 2366 412 2441 Ausoniae
426 2368 539 2429 Troes.
555 2368 639 2430 Sunt
655 2378 687 2431 et
704 2387 779 2431 mea
794 2381 909 2434 contra

109 2478 186 2537 Fata
199 2472 300 2556 mihi,
312 2473 400 2537 ferro
416 2474 607 2537 sceleratam
625 2472 816 2549 exscindere
829 2486 981 2563 gentem,

110 2582 260 2667 Coniuge
273 2591 465 2663 praerepta3
480 2594 546 2644 'nec
556 2582 644 2645 solos
659 2582 766 2669 tangit
781 2584 909 2647 Atridas

76 2710 78 2715 ¹
109 2690 171 2752 Iste
188 2686 304 2767 dolor,
317 2684 459 2765 solisque
471 2684 549 2746 licet
563 2703 680 2768 capere
696 2704 788 2747 arma
805 2688 966 2769 Mycenis.

110 2800 172 2863 Sed
192 2796 329 2881 periisse
340 2796 443 2859 semel
457 2793 534 2857 satis
548 2805 604 2859 est.
624 2796 764 2857 Peccare
774 2792 888 2857 fuisset

110 2906 194 2965 Ante
206 2900 300 2982 satis,
316 2898 447 2984 penitus
461 2898 562 2961 modo
574 2917 643 2962 non
654 2920 760 2985 genus
773 2918 874 2963 omne
886 2918 1020 2984 perosos

112 3005 316 3069 Femineum.
336 3002 464 3089 Quibus
479 3005 560 3066 haec
570 3002 679 3069 medii
691 3001 812 3071 fiducia
828 3005 928 3089 valli,

111 3112 351 3187 Fossarumque
362 3122 490 3187 morae,
510 3106 567 3167 leti
585 3105 778 3167 discrimina
787 3124 912 3189 parva,
1012 3149 1017 3158 ·

111 3218 198 3279 Dant
209 3213 349 3276 animos.
364 3214 406 3274 At
418 3207 488 3273 non
501 3210 656 3273 viderunt
668 3211 802 3275 moenia
810 3213 929 3278 Troiae

111 3320 260 3405 Neptuni
272 3319 430 3383 fabricata
445 3338 546 3381 manu
565 3316 736 3386 considere
750 3320 788 3384 in
802 3320 912 3408 iguis?

26 3492 27 3511 ἢ
112 3429 175 3489 Sed
189 3444 266 3507 vos,
283 3424 410 3507 olenti,
425 3424 514 3488 ferro
527 3423 586 3503 qui
600 3421 752 3487 scindere
767 3426 895 3487 vallum

26 3512 27 3585 ἶ
112 3535 274 3616 Apparet,
288 3540 321 3594 et
335 3550 464 3595 mecum
474 3527 602 3593 invadit
614 3529 812 3612 trepidantia
829 3530 953 3594 emma?

112 3639 187 3701 Non
199 3635 303 3699 armis
315 3636 399 3698 mihi
413 3636 568 3715 Volcani,
588 3655 657 3697 non
673 3636 765 3700 mille
781 3638 902 3703 carinis
1022 3705 1025 3712 ,

83 3816 86 3822 ,
113 3747 169 3807 Est
181 3764 266 3826 opus
278 3742 314 3805 in
329 3744 483 3809 Teucros.
497 3727 633 3807 Addaut
643 3762 678 3807 se
691 3741 848 3826 protenus
864 3760 979 3808 ornnes

181 3846 269 3917 Vergil.
286 3845 343 3901 Vol.
360 3849 394 3901 il·
429 3864 432 3870 ·
849 3862 880 3913 15

1160 3017 1195 3040 vg
