2809 4817
364 385 427 456 cto
664 382 1016 446 Aruernos
1166 385 1303 468 eum.

364 529 438 596 lem
449 525 518 592 im
528 525 646 608 linquo
658 523 754 592 acies.
770 527 818 588 Nc
829 545 883 588 mc
899 533 1017 588 terrete
1034 521 1228 612 timentem,
1267 551 1273 562 ·

366 634 717 710 obscenorum
732 632 863 694 clarum
876 631 1014 696 verbera
1027 651 1131 696 nosco
1135 677 1147 714 ,

364 741 579 823 letalemque
586 759 724 818 ronum3
741 759 803 804 nec
820 739 942 802 fallunt
954 736 1041 804 ium
1054 732 1200 822 superbe

366 847 574 938 magnanimi
583 847 682 914 Iovis.
699 849 793 910 Haec
806 864 869 930 pro
879 844 1074 932 virginitate
1090 845 1249 929 reponit!

366 959 444 1040 Quo
457 953 562 1021 vium
578 951 671 1016 dedit
686 953 876 1016 aeternnm?
894 971 956 1016 cur
972 952 1090 1018 mortis
1102 953 1240 1016 ademta
1250 959 1307 1018 est

366 1055 542 1120 conditio?
554 1073 684 1138 possem
700 1062 808 1119 tantos
820 1051 918 1118 finire
933 1055 1067 1119 dolores

367 1163 576 1250 Nuucorrte,
587 1170 620 1224 et
630 1157 752 1223 misero
768 1159 862 1224 tratri
871 1160 1111 1246 comesirepcr
1121 1165 1277 1226 umbras.

365 1263 571 1330 Immortalis
578 1263 661 1350 ego?
675 1271 732 1326 rut
742 1261 923 1343 quidquam
933 1263 1018 1326 mihi
1029 1266 1125 1328 dulce
1139 1285 1305 1330 meorum

367 1371 417 1434 Te
429 1368 517 1451 sinc,
529 1369 645 1449 freter,
659 1365 744 1428 erit?
758 1366 788 1428 0
799 1383 884 1446 quae
893 1365 970 1428 satis
982 1367 1048 1428 alta
1062 1351 1211 1428 dehiscat

368 1475 474 1538 Tem
483 1469 582 1551 mihi,
596 1469 882 1549 ManisqucDeam
891 1467 1041 1532 demittat
1056 1472 1098 1532 nd
1107 1470 1217 1534 imos?

368 1582 515 1645 Tantum
526 1573 641 1658 effata,
656 1585 756 1659 caput
764 1577 883 1662 glauco
896 1575 1042 1640 contexit
1055 1576 1180 1640 amictu

368 1685 477 1750 stulu
492 1701 644 1770 gemens,
658 1679 855 1744 etsctiuvio
871 1682 942 1744 Dee
957 1679 1106 1746 condidit
1120 1682 1201 1744 alto,

410 1769 538 1856 neum
549 1787 651 1851 instet
659 1796 790 1868 contre,
805 1787 976 1870 telumque
990 1797 1140 1854 coruscat

368 1895 701 1982 tragediarum,
716 1903 750 1958 et
764 1913 863 1958 soevo
875 1892 923 1958 sic
941 1905 1075 1978 pectore
1090 1893 1199 1960 fatur:

371 2005 467 2090 Quae
477 2021 567 2066 nunc
575 1999 698 2064 deinde
706 2019 800 2064 more
809 2001 878 2064 est?
891 2010 949 2064 cut
959 2000 1040 2082 quid
1051 2002 1138 2085 iem,
1149 2005 1280 2086 Turne,

901 2108 1079 2172 retractas?
1273 2110 1335 2192 889

371 2217 447 2277 Non
456 2234 570 2293 cursu,
586 2213 692 2276 saevis
702 2214 895 2276 certandum
912 2223 961 2274 est
971 2212 1158 2304 comminus
1171 2213 1289 2278 rrum

343 2375 347 2384 ,
372 2325 473 2387 Verte
486 2319 594 2384 omnis
608 2326 673 2382 tete
682 2318 719 2381 in
731 2317 845 2394 iacies3
861 2326 894 2380 ct
905 2319 1077 2399 contrahe,
1094 2317 1265 2400 quidquid

372 2423 448 2489 Sive
459 2419 599 2501 animis,
608 2419 678 2482 sive
693 2429 762 2482 arte
776 2421 885 2495 vales3
904 2429 984 2502 opta
997 2421 1101 2486 ardua
1114 2422 1239 2504 pennis

372 2531 468 2590 Astra
483 2523 592 2606 sequi,
607 2525 821 2602 clausumque
837 2541 918 2586 cova
932 2533 964 2586 te
980 2527 1123 2590 condere
1136 2535 1240 2588 terra.

372 2632 451 2711 Ille,
469 2628 569 2714 ca'put
579 2645 750 2712 quassans,
768 2631 842 2692 Non
855 2649 909 2693 me
921 2639 978 2694 tun
993 2630 1123 2696 fervida
1132 2641 1262 2696 terrent

373 2738 487 2822 Dicta,
500 2739 612 2815 ieron
630 2730 674 2801 Di
688 2757 744 2800 me
756 2747 895 2818 terrent,
906 2748 939 2802 et
950 2739 1101 2823 Iuppiter
1116 2739 1234 2804 hostis.

372 2850 441 2910 Nec
452 2850 550 2929 plura
567 2843 702 2926 effatus,
719 2865 835 2908 saxum
852 2845 1074 2930 circumsPIcit
1085 2847 1224 2935 ingens,

373 2954 497 3015 Saxum
508 2950 698 3031 antiquum,
712 2949 842 3033 ingens,
857 2971 976 3034 campo
988 2952 1046 3033 qui
1057 2953 1143 3018 forte
1156 2955 1291 3020 iacebat

372 3055 482 3118 limes
494 3073 576 3138 agro
582 3053 727 3136 positus,
740 3053 832 3117 litem
846 3069 881 3118 ut
895 3057 1094 3122 discerneret
1104 3060 1210 3124 arvisc

373 3156 437 3225 Vix
452 3157 538 3220 illud
554 3158 630 3222 lecti
647 3159 699 3223 bis
717 3181 775 3224 sex
791 3162 919 3226 cervice
934 3165 1115 3249 subirent,2

266 3273 270 3279 ’
373 3262 494 3350 Qualia
503 3264 775 3328 nunchominunr
788 3269 943 3349 producit
953 3291 1092 3355 corpore
1107 3278 1222 3356 tellus3
1398 3325 1399 3344 1

308 3371 312 3376 ’
372 3371 435 3433 Ille
445 3391 547 3451 manu
560 3380 692 3454 raptum
703 3372 831 3454 trepida
845 3363 1019 3457 torquebat
1032 3381 1069 3445 in
1081 3385 1233 3467 hostem,
1396 3355 1399 3542 ⁴

373 3475 480 3538 Altior
490 3475 681 3561 insurgens,
695 3487 728 3540 et
744 3499 840 3543 cursu
859 3483 1021 3566 concitus,
1038 3487 1148 3556 heros.

372 3576 437 3637 Sed
452 3595 562 3656 neque
571 3588 756 3641 currentem
769 3601 815 3663 se,
828 3601 890 3650 nec
901 3585 1069 3670 cognoscit
1081 3599 1236 3671 euntem,

372 3678 599 3741 Tollentemve
611 3701 711 3745 manu
729 3703 911 3766 saxumque
923 3687 1068 3752 humane
1079 3701 1291 3772 moventem

374 3759 490 3842 Genua
502 3779 636 3863 labant,
646 3783 777 3868 gelidus
790 3789 958 3852 concrevit
974 3788 1099 3878 frigore
1116 3791 1263 3882 sanguis
