2809 4817
314 388 519 452 LIBER
557 388 675 455 VIII.
713 409 749 455 v.
774 393 842 469 245.
1012 400 1072 463 aui

103 530 249 615 Pallida,
264 524 325 596 Dis
338 531 460 611 inviset
473 550 638 617 superque
654 534 802 603 immane
813 539 1011 605 barathrum

102 640 283 717 seruetur,
301 635 532 717 trepideutque
546 635 695 701 immisso
715 638 843 704 lumine
855 644 980 706 Manes.
1048 680 1052 688 ·

102 744 193 829 Ergo
203 740 369 826 imperata
382 744 582 829 deprensum
600 742 636 807 in
651 745 726 809 luce
738 756 893 829 repente,

102 848 338 926 inclusumque
351 864 433 909 ruvo
444 864 542 925 saro,
556 856 654 926 atque
666 845 795 913 insueta
808 853 998 939 rudentem,

102 947 480 1041 DesuperAlcidestelis
493 946 629 1031 premit,
647 951 826 1033 omniaque
844 974 938 1021 arma

104 1060 267 1139 advocat,
279 1068 312 1120 et
324 1056 425 1141 ramis
440 1057 603 1137 vastisque
620 1058 802 1123 molaribus
816 1060 924 1127 instat.

102 1165 163 1226 llle
174 1173 304 1245 autem,
320 1163 530 1243 nequeenim
543 1162 622 1250 luga
635 1164 703 1227 iam
714 1186 816 1249 super
826 1169 897 1234 ulla
909 1167 1042 1255 pericli,

103 1271 446 1358 Faucibus-ingentem
463 1270 610 1353 fumum,
631 1273 786 1339 mirabile
802 1275 909 1358 dictu,

104 1377 249 1459 Evomit‚
268 1375 476 1459 Involvitque
490 1379 628 1443 domum
639 1378 781 1465 ealigine
792 1398 905 1462 caesa,

104 1483 315 1567 Prospectum
325 1482 468 1566 eripiens
483 1481 604 1560 oeulis3
624 1484 853 1568 glomeratque
862 1488 925 1552 sub
936 1495 1033 1553 aub'o

104 1591 303 1655 Furuiferem
320 1599 451 1657 noctem
465 1589 650 1659 commixtis
668 1590 748 1676 igue
763 1591 917 1657 tenebris.

26 1696 27 1701 ’
104 1696 173 1757 Non
186 1692 262 1757 tulit
277 1694 407 1759 Alcides
418 1693 552 1776 anirrus,
568 1715 668 1775 seque
678 1694 749 1778 ipse
763 1696 825 1779 per
836 1696 952 1785 iguem
990 1696 993 1702 ’

103 1800 273 1885 Praecipiti
281 1800 396 1864 iniecit
408 1802 512 1880 saltu,
533 1820 597 1879 qua
613 1799 779 1882 plurimus
796 1805 924 1867 undam

104 1906 222 1967 Fumus
232 1904 317 1991 agit,
331 1905 519 1983 nebulaque
531 1904 648 1989 iugens
661 1925 778 1987 specus
787 1916 913 1975 aesmat
922 1914 1005 1974 atra.

25 2072 27 2091 ᾖ
104 2003 165 2076 Hie
178 2014 305 2075 Cacum
318 2011 355 2073 in
370 2009 514 2073 tenebris
526 2010 682 2075 incendia
695 2030 782 2075 vana
792 2024 984 2079 moventem
1006 2021 1065 2101 259

25 2100 27 2137 ²
105 2119 244 2203 Corripit
254 2118 290 2181 iu
301 2118 427 2181 nodum
442 2117 651 2198 complexus,
664 2124 696 2178 et
705 2115 798 2203 angit
811 2117 987 2185 inhaerens

105 2220 203 2285 Elisos
221 2224 352 2302 oeulos,
367 2230 399 2283 et
412 2220 537 2283 siecum
554 2219 715 2305 sunguine
729 2227 854 2303 guttur.

104 2329 260 2393 Panditur
277 2330 441 2411 externplo
459 2327 586 2390 loribus
603 2328 722 2387 domus
734 2335 804 2387 atra
821 2326 977 2407 revolsis3

105 2438 354 2517 abstractaeque
369 2436 471 2497 boves
488 2433 723 2514 abiurataeque
738 2431 877 2515 rapinae
910 2439 913 2446 ’

106 2544 200 2610 Coelo
218 2546 452 2624 ostenduntur,
474 2544 680 2627 pedibusque
693 2542 840 2607 informe
861 2547 1002 2609 cadaver

105 2650 314 2716 Protrahitur.
328 2654 503 2731 Nequeunt
517 2650 642 2733 expleri
658 2651 760 2713 eorde
776 2652 902 2713 tuendo

103 2756 271 2821 Terribilis
284 2758 414 2838 oeulos,
434 2756 579 2837 toltum,
595 2755 780 2837 villosaque
794 2755 891 2819 saetis

103 2860 235 2925 Pectora
249 2858 411 2940 semiferi,
432 2868 530 2939 atque
546 2858 722 2925 exstinctos
734 2858 885 2924 faucibus
901 2855 997 2945 ignis·

102 2964 146 3027 Ex
161 2964 223 3029 illo
242 2964 423 3028 celebratus
441 2946 560 3046 honum
578 2965 721 3046 laetique
736 2964 882 3029 minores

102 3052 277 3133 servavere
292 3069 401 3149 diem,
415 3068 606 3151 primusque
623 3070 760 3133 Potitius
777 3081 913 3156 auctor,

101 3175 137 3239 Et
147 3180 267 3241 domus
278 3174 434 3239 Herculei
449 3186 555 3238 eustos
572 3176 704 3239 Pinaria
718 3176 804 3240 sacri

101 3278 190 3341 Hanc
202 3298 298 3341 aram
313 3279 390 3342 lueo
408 3264 537 3360 statuit,
554 3298 638 3359 quae
652 3284 810 3343 Maxumo
824 3291 956 3363 semper

101 3376 235 3442 Dicetur
252 3378 366 3461 uobis,
382 3388 415 3442 et
432 3378 495 3443 erit
508 3399 593 3460 quae
612 3400 768 3443 maxuma
781 3401 922 3464 semper.

101 3485 207 3567 Quare
218 3485 322 3571 agite,
335 3506 356 3548 o
368 3485 521 3567 iuvenes,
539 3494 707 3549 tantarum
720 3484 755 3547 in
769 3505 907 3577 munere
920 3485 1060 3560 laudum

102 3589 228 3679 cingite
246 3592 366 3655 froude
380 3612 506 3672 eomas,
530 3602 562 3655 et
575 3593 694 3674 pocula
711 3590 841 3679 porgite
855 3590 994 3674 dextris,

102 3698 385 3779 Communemque
398 3706 515 3762 vocate
531 3698 653 3778 Deum,
670 3707 702 3761 et
714 3699 789 3763 date
802 3697 883 3763 vina
900 3699 1059 3765 volentes.

102 3800 253 3882 Dixerat:
269 3802 434 3871 Herculea
444 3802 573 3871 bicolor
589 3822 666 3869 eum
675 3803 820 3886 populus
831 3805 950 3869 umbra
