2809 4817
370 440 428 521 178
664 438 1019 505 AENEIDOS
1166 446 1281 509 mii.

366 581 434 643 Nec
443 578 533 645 sidus
546 576 683 685 regione
697 579 772 645 viae
785 581 906 647 litusve
920 581 1054 647 fefellit:
1180 598 1183 603 ’
1207 648 1216 670 ,

366 688 513 752 Consilio
523 692 609 752 hane
622 708 738 753 omnes
747 689 935 771 animisque
947 691 1138 757 volentibus
1148 686 1262 759 urb'eru

364 792 568 875 Adierimur,
579 792 669 876 pulsi
681 780 811 879 reguis,
824 812 911 875 quae
920 814 1078 858 maxuma
1091 783 1259 878 quondam

363 884 517 966 Extrerno
533 901 671 965 veniens
684 904 742 967 Sol
753 901 958 987 adspiciebst
967 905 1127 988 Olympo.
1169 928 1175 937 ·

362 1007 413 1069 Ab
424 1008 502 1069 Iove
514 1006 718 1091 principium
726 1008 877 1096 generis:
894 1010 974 1073 love
983 1012 1142 1073 Dardana
1152 1014 1252 1093 pubes

362 1112 491 1175 Gaudet
500 1130 565 1173 avo
575 1134 583 1174 ε
594 1112 666 1174 Rex
675 1111 747 1195 ipse
756 1113 844 1177 Iovis
860 1116 904 1176 de
918 1124 1017 1201 gente
1029 1135 1186 1198 suprema

360 1222 479 1285 Troius
492 1224 619 1285 deneas
634 1230 691 1285 tua
704 1240 765 1283 uos
779 1223 823 1283 ad
836 1221 953 1285 limina
966 1221 1066 1286 misit.

360 1330 493 1412 Quanta
505 1348 566 1411 per
580 1326 697 1389 Idaeos
713 1324 819 1389 saevis
831 1320 935 1389 effusa
948 1324 1099 1407 Mycenis

358 1436 549 1516 Tempestas
564 1430 641 1495 ierit
657 1450 806 1515 campos,
825 1430 946 1513 quibus
963 1440 1055 1495 artus
1067 1441 1207 1514 uterque

358 1542 509 1623 Europae
521 1550 620 1623 atque
631 1540 727 1603 Asiae
741 1540 816 1604 fatis
830 1540 1035 1604 concurrerit
1048 1538 1160 1618 orbis;

357 1648 487 1730 Audiit,
502 1658 535 1711 et
545 1648 573 1711 si
583 1666 682 1729 quem
696 1649 792 1711 tellus
807 1657 953 1711 extrema
968 1646 1083 1713 refuso

357 1755 537 1820 Submovet
550 1754 700 1835 Oceano,
719 1762 751 1815 et
766 1752 796 1815 si
807 1772 907 1833 quem
919 1764 1050 1816 extenta
1061 1755 1236 1841 plagarum

215 1916 217 1925 ,
283 1831 317 1899 «Ι
356 1862 506 1945 Quatuor
518 1859 554 1921 in
570 1856 679 1921 medio
695 1854 1160 1941 dirimitplagaSolisiniqui.

355 1966 493 2029 Diluvio
506 1986 545 2028 ex
559 1964 619 2027 illo
631 1972 677 2026 tot
686 1971 777 2025 vasta
787 1984 847 2046 per
858 1981 1004 2042 aequora
1014 1962 1101 2028 vecti

353 2062 413 2133 Dis
426 2070 541 2133 sedent
554 2064 708 2151 exiguam
722 2064 838 2148 patriis
856 2064 999 2146 litusque
1014 2084 1172 2152 rogamus
1254 2083 1307 2148 seq

353 2178 555 2255 innocuum,
567 2183 599 2236 et
609 2171 933 2253 eunetisundamque
944 2192 1125 2254 auramque
1134 2182 1304 2257 patentem·

281 2310 284 2317 ’
353 2283 428 2344 Non
441 2280 564 2345 erimus
574 2299 679 2366 reguo
688 2277 876 2354 indecores3
896 2282 958 2340 n'ee
969 2288 1078 2341 vestra
1090 2280 1213 2345 feretur

352 2388 456 2453 Fama,
462 2385 563 2469 levis,
576 2384 701 2449 tantive
714 2385 880 2451 abolescet
890 2384 998 2470 gratia
1014 2381 1114 2464 taeti3

352 2494 420 2557 Nee
432 2486 569 2557 Troiam
577 2488 741 2553 Ausonios
754 2487 881 2575 gremio
894 2485 1060 2571 excepisse
1075 2486 1212 2576 pigebit.

352 2600 433 2662 Fata
445 2618 506 2681 per
514 2599 644 2659 Aeneae
653 2594 744 2677 iuro,
757 2595 974 2675 dextramque
989 2604 1175 2681 potentem,

351 2701 426 2765 Sive
437 2700 517 2785 fide,
531 2720 589 2765 seu
599 2698 673 2782 quis
682 2698 773 2761 bello
788 2710 835 2763 est
845 2708 998 2781 expertus
1012 2709 1044 2761 et
1058 2702 1174 2781 armis3

259 2876 262 2887 ¹
351 2806 450 2871 Multi
462 2824 522 2871 nos
532 2804 667 2888 populi,
687 2806 810 2867 multae
822 2803 892 2887 (ne
905 2815 1031 2888 temne,
1047 2809 1139 2887 quod
1151 2812 1240 2886 ultro

350 2907 570 2981 Praeferimus
584 2904 738 2967 manibus
751 2906 849 2970 vittas
865 2926 904 2970 ac
916 2911 1019 2972 verba
1032 2911 1229 2997 precantia)
1312 2983 1317 2992 Ι

279 3082 283 3095 ,
350 3012 390 3073 Et
405 3008 531 3092 petiere
543 3004 606 3069 sibi
624 3016 656 3067 et
667 3007 802 3069 voluere
816 3008 1000 3096 adiungere
1012 3023 1137 3099 gentes.
1197 3044 1241 3061 w

349 3115 413 3177 Sed
426 3132 486 3176 nos
501 3112 567 3175 fata
582 3108 691 3174 Defim
701 3121 824 3175 vestras
837 3116 1010 3194 exquirere
1025 3116 1127 3182 terris
1243 3100 1249 3109 ⁴

349 3215 501 3302 Imperiis
516 3232 612 3303 egere
626 3212 702 3279 suis.
719 3212 808 3277 Hine
825 3216 1001 3293 Dardanus
1017 3227 1109 3281 ortus

347 3326 423 3388 Huc
433 3318 737 3406 repetit,iussisque
748 3318 936 3405 ingentibus
948 3331 1043 3405 urget
1054 3321 1175 3403 Apollo

346 3431 559 3513 Tyrrhenum
568 3429 611 3489 ad
620 3425 802 3509 Thybrim,
817 3425 955 3488 etfontis
964 3428 1051 3489 vada
1060 3446 1154 3489 saera
1162 3417 1293 3500 Numid·

346 3534 411 3596 Dat
424 3530 661 3613 tibi'praeterea
674 3530 829 3593 fortunae
845 3551 949 3613 parva
962 3530 1081 3614 prioris

346 3638 502 3715 Munera,
516 3632 674 3715 reliquias
681 3634 782 3697 Troia
797 3656 837 3697 ex
850 3635 986 3696 ardente
1002 3643 1167 3717 receptas.

344 3744 418 3807 Hoc
432 3753 525 3825 pater
536 3741 693 3807 Anchises
707 3762 790 3804 auro
808 3741 934 3810 libabat
949 3743 993 3804 ad
1008 3762 1095 3804 aras:

344 3844 416 3921 Hoc
430 3843 553 3911 Priami
566 3854 733 3937 gestamen
746 3854 831 3928 erat,
846 3864 923 3907 eum
932 3843 1007 3908 iura
1017 3843 1145 3910 vocatis
1267 3885 1272 3891 ·

1366 3403 1373 3576 l
