2809 4817
274 391 545 456 autumnos
571 391 666 457 urs.
687 398 733 461 vt·
754 416 787 458 v.
809 401 858 461 2³.
992 391 1050 469 ‘ns

102 534 349 621 Quoquerocat‚
359 542 527 615 vertamus
537 535 608 599 iter.
625 538 653 597 N
655 558 691 599 ec
703 536 801 600 litora
814 541 915 627 longe

100 642 256 705 Fidareor
268 641 415 705 iraterna
425 638 555 722 Erycis,
569 651 750 723 portusque
759 640 912 711 Sicanos:

101 745 132 807 Si
142 745 309 820 modorite
320 762 450 809 memor
463 754 593 809 servata
606 746 764 810 remetior
774 758 871 813 mtto.
952 830 956 838 ι
1041 732 1047 741 ’

101 850 177 911 Tum
187 848 260 931 pius
269 852 413 911 Aeneas:
431 848 592 929 Equidem
603 896 613 931 ,
624 850 671 914 sio
684 870 820 934 poscere
829 861 946 919 ventos

101 957 303 1038 Iamdudum,
313 964 346 1019 et
358 956 479 1019 t'ruetra
493 974 594 1019 cerno
605 964 635 1021 te
647 959 782 1021 tendere
796 970 923 1025 contra.

101 1064 197 1126 Flecte
206 1064 296 1137 viam
307 1061 399 1127 velis.
414 1068 465 1125 An
475 1060 517 1123 sit
531 1060 614 1123 mihi
625 1061 752 1145 gratior
764 1065 850 1145 ulla,
869 1111 873 1116 .
950 1047 953 1056 ¹

102 1168 207 1250 Quove
219 1164 325 1249 magio
338 1165 436 1229 fessas
450 1172 562 1245 optem
576 1161 749 1227 demittere
763 1165 874 1248 navis,

101 1275 198 1356 Quam
208 1293 294 1353 quae
305 1269 511 1333 Dardanium
525 1270 622 1332 tellus
634 1268 718 1331 mihi
730 1273 1003 1361 servatUAcesten,
1040 1332 1045 1342 .

101 1380 138 1440 Et
146 1379 242 1461 patris
251 1376 414 1442 Anchisae
426 1374 555 1460 gremio
571 1368 802 1457 complectitur
813 1378 912 1441 ossa?

102 1486 181 1548 Haec
190 1484 248 1547 ubi
261 1482 365 1566 dicta,
378 1488 495 1565 petunt
509 1489 638 1563 portus,
654 1490 686 1542 et
697 1483 771 1544 vela
784 1483 923 1574 secundi

101 1586 434 1673 intenduntZephyrir
449 1587 554 1649 fertur
571 1586 636 1651 cita
652 1586 785 1673 gurgite
797 1588 923 1674 classis3
944 1640 948 1646 .

102 1696 138 1758 Et
150 1698 276 1759 tandem
291 1696 369 1759 laeti
381 1704 478 1767 notae
492 1695 712 1757 advertuntur
724 1713 855 1758 areum.

30 1806 31 1815 ’
136 1802 299 1887 Atprocul
313 1803 443 1868 excelso
459 1799 596 1863 miratus
608 1799 732 1863 uertice
744 1800 868 1866 montis

102 1904 275 1974 Adventum
289 1905 460 1987 sociusque
472 1915 573 1985 rates,
583 1903 882 1985 occurritAoeates,

101 2014 264 2097 Horridus,
276 2014 315 2079 in
325 2013 442 2077 iaculis
457 2022 490 2076 et
503 2012 590 2095 pelle
601 2010 783 2093 Libystidis
796 2026 911 2077 ursaet

101 2117 189 2181 Troia
198 2118 340 2183 Crimiso
352 2126 548 2199 conceptum
565 2115 700 2181 flumine
714 2125 821 2185 mater
877 2154 881 2159 ι
1012 2120 1052 2183 at

102 2220 196 2304 Quem
203 2221 326 2309 genuit.
336 2225 495 2289 Veterum
506 2240 575 2284 non
591 2220 769 2283 immemor
785 2222 845 2283 ille
856 2230 1034 2304 parentum

102 2327 244 2391 Gratatur
256 2329 407 2409 reduces,
418 2335 451 2391 et
465 2345 544 2413 gaza
560 2326 666 2387 laetus
679 2325 801 2410 agresti

101 2430 230 2514 Excipit,
244 2451 284 2495 ec
297 2432 397 2503 fessos
413 2428 534 2513 opibus
550 2429 677 2517 solatur
691 2426 818 2490 amicis.

102 2532 220 2597 Postera
234 2553 311 2595 cum
324 2532 434 2615 primo
444 2532 560 2595 stellas
571 2531 708 2595 Oriente
721 2531 851 2617 fugarat

103 2637 188 2699 Clara
203 2637 290 2716 dies3
303 2636 409 2701 socios
423 2636 602 2701 incoctum
620 2630 775 2725 litoreab
788 2633 884 2703 omni

103 2743 235 2809 Advooat
245 2748 388 2825 Aeneas,
401 2744 587 2826 tumulique
597 2761 639 2807 ex
653 2764 776 2832 aggere
787 2745 893 2812 taturi
1006 2792 1010 2799 ·

135 2846 338 2913 Dardanidae
350 2848 484 2937 magni,
495 2870 599 2938 genus
611 2852 679 2933 alto
695 2870 716 2913 a
730 2851 894 2938 unguine
903 2842 1046 2937 Divom,
1059 2852 1064 2857 ’

102 2956 224 3023 Annuus
236 2942 359 3021 exactis
371 2959 556 3040 completur
568 2957 737 3023 mensibus
748 2958 857 3040 orbis,

102 3058 142 3121 Er
154 3082 216 3143 quo
231 3060 390 3141 reliquias
400 3060 572 3143 divinique
582 3080 654 3127 ossa
667 3062 815 3145 parentio

103 3164 306 3238 Condidimus
321 3175 422 3247 terra,
435 3175 638 3246 maestasque
652 3166 853 3229 sacravimus
872 3179 955 3230 arae

101 3264 225 3349 lamque
236 3268 322 3349 dies,
334 3267 369 3331 ni
378 3268 493 3349 fallor,
503 3269 609 3350 adest,
621 3288 721 3349 quem
730 3287 861 3349 semper
870 3265 1042 3332 acerbum.

102 3366 222 3453 Semper
231 3372 433 3455 honoratum
448 3368 520 3454 (sio
530 3362 573 3433 Di
585 3365 758 3454 voluistis)
768 3371 908 3434 habebo.

101 3469 186 3537 Hunc
196 3493 272 3561 ego,
283 3471 429 3537 Gaetulis
439 3492 572 3559 agerem
585 3471 613 3537 si
624 3472 776 3553 Syrtibus
787 3473 900 3554 exsul,

100 3574 282 3661 Argolicove
295 3576 381 3640 mari
395 3579 589 3659 deprensus,
601 3588 633 3640 et
644 3580 726 3639 urbe
739 3580 918 3659 Mycenae;

101 3674 207 3740 Annua
221 3687 299 3741 rota
314 3690 423 3743 tamen
437 3676 669 3759 sollemnisque
684 3670 803 3743 ordine
810 3700 950 3765 pompas

102 3780 311 3875 Euequerer,
326 3798 551 3869 strueremque
563 3785 629 3855 suis
644 3785 762 3865 altaria
775 3787 881 3853 donis.
