<?xml version="1.0" encoding="UTF-8"?>
<!DOCTYPE html PUBLIC "-//W3C//DTD XHTML 1.0 Transitional//EN"
    "http://www.w3.org/TR/xhtml1/DTD/xhtml1-transitional.dtd">
<html xmlns="http://www.w3.org/1999/xhtml" xml:lang="en" lang="en">
 <head>
  <title>
</title>
<meta http-equiv="Content-Type" content="text/html;charset=utf-8" />
  <meta name='ocr-system' content='tesseract 3.04.00' />
  <meta name='ocr-capabilities' content='ocr_page ocr_carea ocr_par ocr_line ocrx_word'/>
</head>
<body>
  <div class='ocr_page' id='page_1' title='image "./pvirgiliimaroni00clasgoog_0169.png"; bbox 0 0 2809 4817; ppageno 0'>
   <div class='ocr_carea' id='block_1_1' title="bbox 331 359 1166 466">
    <p class='ocr_par' dir='ltr' id='par_1_1' title="bbox 331 359 1166 466">
     <span class='ocr_line' id='line_1_1' title="bbox 331 359 1166 466; baseline 0.011 -36"><span class='ocrx_word' id='word_1_1' title='bbox 331 368 538 433; x_wconf 79' lang='lat' dir='ltr'><strong>Ltnun</strong></span> <span class='ocrx_word' id='word_1_2' title='bbox 579 372 647 436; x_wconf 83' lang='lat' dir='ltr'><strong>vr.</strong></span> <span class='ocrx_word' id='word_1_3' title='bbox 686 378 817 454; x_wconf 58' lang='lat' dir='ltr'><strong>mo„</strong></span> <span class='ocrx_word' id='word_1_4' title='bbox 961 359 1058 466; x_wconf 64' lang='lat'>&#39;¹⁵7</span> <span class='ocrx_word' id='word_1_5' title='bbox 1162 368 1166 375; x_wconf 83' lang='lat'><strong><em>‘</em></strong></span> 
     </span>
    </p>
   </div>
   <div class='ocr_carea' id='block_1_2' title="bbox 53 500 1129 3670">
    <p class='ocr_par' dir='ltr' id='par_1_2' title="bbox 91 500 1129 1981">
     <span class='ocr_line' id='line_1_2' title="bbox 93 500 963 587; baseline 0.015 -14"><span class='ocrx_word' id='word_1_6' title='bbox 93 510 189 573; x_wconf 86' lang='lat' dir='ltr'><strong>Hunc</strong></span> <span class='ocrx_word' id='word_1_7' title='bbox 202 514 331 573; x_wconf 85' lang='lat' dir='ltr'><strong>tantum</strong></span> <span class='ocrx_word' id='word_1_8' title='bbox 346 508 408 573; x_wconf 92' lang='lat' dir='ltr'><strong>tihi</strong></span> <span class='ocrx_word' id='word_1_9' title='bbox 421 530 477 575; x_wconf 90' lang='lat' dir='ltr'><strong>me</strong></span> <span class='ocrx_word' id='word_1_10' title='bbox 487 511 630 578; x_wconf 76' lang='lat' dir='ltr'>discessu</span> <span class='ocrx_word' id='word_1_11' title='bbox 646 514 735 581; x_wconf 80' lang='lat' dir='ltr'><strong>ferre</strong></span> <span class='ocrx_word' id='word_1_12' title='bbox 753 500 916 587; x_wconf 82' lang='lat' dir='ltr'><strong>dolorem.</strong></span> <span class='ocrx_word' id='word_1_13' title='bbox 959 528 963 536; x_wconf 91' lang='grc'><strong><em>’</em></strong></span> 
     </span>
     <span class='ocr_line' id='line_1_3' title="bbox 91 620 984 706; baseline 0.016 -23"><span class='ocrx_word' id='word_1_14' title='bbox 91 620 169 683; x_wconf 82' lang='lat' dir='ltr'><strong>Siste</strong></span> <span class='ocrx_word' id='word_1_15' title='bbox 180 620 336 706; x_wconf 87' lang='lat' dir='ltr'><strong>gradum,</strong></span> <span class='ocrx_word' id='word_1_16' title='bbox 353 629 452 701; x_wconf 87' lang='lat' dir='ltr'><strong>teque</strong></span> <span class='ocrx_word' id='word_1_17' title='bbox 460 622 617 704; x_wconf 87' lang='lat' dir='ltr'><strong>adspectu</strong></span> <span class='ocrx_word' id='word_1_18' title='bbox 631 645 673 685; x_wconf 88' lang='lat' dir='ltr'><strong>ne</strong></span> <span class='ocrx_word' id='word_1_19' title='bbox 685 628 844 693; x_wconf 84' lang='lat' dir='ltr'><strong>subtrahe</strong></span> <span class='ocrx_word' id='word_1_20' title='bbox 859 640 984 696; x_wconf 86' lang='lat' dir='ltr'><strong>nostro.</strong></span> 
     </span>
     <span class='ocr_line' id='line_1_4' title="bbox 94 724 1060 821; baseline 0.014 -31"><span class='ocrx_word' id='word_1_21' title='bbox 94 724 507 813; x_wconf 76' lang='lat' dir='ltr'><strong>Quemsugisiextremum</strong></span> <span class='ocrx_word' id='word_1_22' title='bbox 515 726 594 812; x_wconf 79' lang='lat' dir='ltr'><strong>fato,</strong></span> <span class='ocrx_word' id='word_1_23' title='bbox 602 734 694 813; x_wconf 92' lang='lat' dir='ltr'><strong>quod</strong></span> <span class='ocrx_word' id='word_1_24' title='bbox 703 741 736 797; x_wconf 88' lang='lat' dir='ltr'><strong>te</strong></span> <span class='ocrx_word' id='word_1_25' title='bbox 747 736 992 821; x_wconf 88' lang='lat' dir='ltr'><strong>adloquor,hoc</strong></span> <span class='ocrx_word' id='word_1_26' title='bbox 1003 746 1060 806; x_wconf 84' lang='lat' dir='ltr'><strong>est.</strong></span> 
     </span>
     <span class='ocr_line' id='line_1_5' title="bbox 93 835 851 905; baseline 0.011 -8"><span class='ocrx_word' id='word_1_27' title='bbox 93 835 223 899; x_wconf 89' lang='lat' dir='ltr'><strong>Talibus</strong></span> <span class='ocrx_word' id='word_1_28' title='bbox 233 836 361 897; x_wconf 76' lang='lat' dir='ltr'><strong>Aeneas</strong></span> <span class='ocrx_word' id='word_1_29' title='bbox 371 836 542 898; x_wconf 87' lang='lat' dir='ltr'><strong>ardentem</strong></span> <span class='ocrx_word' id='word_1_30' title='bbox 554 845 587 899; x_wconf 87' lang='lat' dir='ltr'><strong>et</strong></span> <span class='ocrx_word' id='word_1_31' title='bbox 597 846 692 902; x_wconf 82' lang='lat' dir='ltr'><strong>torva</strong></span> <span class='ocrx_word' id='word_1_32' title='bbox 702 848 851 905; x_wconf 88' lang='lat' dir='ltr'><strong>tuentem</strong></span> 
     </span>
     <span class='ocr_line' id='line_1_6' title="bbox 93 927 1129 1036; baseline 0.01 -32"><span class='ocrx_word' id='word_1_33' title='bbox 93 940 224 1005; x_wconf 84' lang='lat' dir='ltr'><strong>lenibat</strong></span> <span class='ocrx_word' id='word_1_34' title='bbox 233 940 331 1004; x_wconf 88' lang='lat' dir='ltr'><strong>dictis</strong></span> <span class='ocrx_word' id='word_1_35' title='bbox 343 940 508 1023; x_wconf 87' lang='lat' dir='ltr'><strong>animum,</strong></span> <span class='ocrx_word' id='word_1_36' title='bbox 529 942 750 1028; x_wconf 77' lang='lat' dir='ltr'><strong>lacrimasque</strong></span> <span class='ocrx_word' id='word_1_37' title='bbox 764 946 891 1036; x_wconf 48' lang='lat' dir='ltr'><strong>ciebat,</strong></span> <span class='ocrx_word' id='word_1_38' title='bbox 1122 927 1129 993; x_wconf 71' lang='lat' dir='ltr'><strong>I</strong></span> 
     </span>
     <span class='ocr_line' id='line_1_7' title="bbox 93 1040 898 1131; baseline 0.007 -20"><span class='ocrx_word' id='word_1_39' title='bbox 93 1048 148 1111; x_wconf 90' lang='lat' dir='ltr'><strong>lIla</strong></span> <span class='ocrx_word' id='word_1_40' title='bbox 159 1049 230 1113; x_wconf 90' lang='lat' dir='ltr'><strong>solo</strong></span> <span class='ocrx_word' id='word_1_41' title='bbox 246 1046 330 1111; x_wconf 84' lang='lat' dir='ltr'><strong>fixos</strong></span> <span class='ocrx_word' id='word_1_42' title='bbox 343 1050 458 1113; x_wconf 89' lang='lat' dir='ltr'><strong>oeulos</strong></span> <span class='ocrx_word' id='word_1_43' title='bbox 472 1069 588 1114; x_wconf 79' lang='lat' dir='ltr'><strong>aversa</strong></span> <span class='ocrx_word' id='word_1_44' title='bbox 602 1052 754 1131; x_wconf 70' lang='lat' dir='ltr'><strong>tenebat,</strong></span> <span class='ocrx_word' id='word_1_45' title='bbox 896 1040 898 1046; x_wconf 43' lang='lat'><strong>¹</strong></span> 
     </span>
     <span class='ocr_line' id='line_1_8' title="bbox 94 1134 924 1245; baseline 0.01 -28"><span class='ocrx_word' id='word_1_46' title='bbox 94 1158 152 1220; x_wconf 89' lang='lat' dir='ltr'><strong>Nec</strong></span> <span class='ocrx_word' id='word_1_47' title='bbox 167 1134 274 1243; x_wconf 80' lang='lat' dir='ltr'><strong>magis</strong></span> <span class='ocrx_word' id='word_1_48' title='bbox 291 1154 425 1239; x_wconf 87' lang='lat' dir='ltr'><strong>incepto</strong></span> <span class='ocrx_word' id='word_1_49' title='bbox 440 1157 569 1220; x_wconf 84' lang='lat' dir='ltr'><strong>voltum</strong></span> <span class='ocrx_word' id='word_1_50' title='bbox 582 1176 736 1222; x_wconf 82' lang='lat' dir='ltr'><strong>sermone</strong></span> <span class='ocrx_word' id='word_1_51' title='bbox 751 1168 924 1245; x_wconf 79' lang='lat' dir='ltr'><strong>movetur,</strong></span> 
     </span>
     <span class='ocr_line' id='line_1_9' title="bbox 96 1261 880 1346; baseline 0.009 -24"><span class='ocrx_word' id='word_1_52' title='bbox 96 1264 192 1346; x_wconf 77' lang='lat' dir='ltr'><strong>Quam</strong></span> <span class='ocrx_word' id='word_1_53' title='bbox 204 1261 233 1325; x_wconf 91' lang='lat' dir='ltr'><strong>si</strong></span> <span class='ocrx_word' id='word_1_54' title='bbox 244 1262 488 1326; x_wconf 84' lang='lat' dir='ltr'><strong>durasilexaut</strong></span> <span class='ocrx_word' id='word_1_55' title='bbox 506 1270 568 1325; x_wconf 86' lang='lat' dir='ltr'><strong>stet</strong></span> <span class='ocrx_word' id='word_1_56' title='bbox 577 1264 745 1346; x_wconf 86' lang='lat' dir='ltr'><strong>Marpesia</strong></span> <span class='ocrx_word' id='word_1_57' title='bbox 757 1274 880 1329; x_wconf 85' lang='lat' dir='ltr'><strong>cautes.</strong></span> 
     </span>
     <span class='ocr_line' id='line_1_10' title="bbox 95 1367 910 1460; baseline 0.009 -30"><span class='ocrx_word' id='word_1_58' title='bbox 95 1368 234 1433; x_wconf 87' lang='lat' dir='ltr'><strong>Tandem</strong></span> <span class='ocrx_word' id='word_1_59' title='bbox 245 1367 407 1451; x_wconf 86' lang='lat' dir='ltr'><strong>corripuit</strong></span> <span class='ocrx_word' id='word_1_60' title='bbox 418 1388 507 1451; x_wconf 89' lang='lat' dir='ltr'><strong>sese,</strong></span> <span class='ocrx_word' id='word_1_61' title='bbox 523 1377 622 1449; x_wconf 85' lang='lat' dir='ltr'><strong>atque</strong></span> <span class='ocrx_word' id='word_1_62' title='bbox 632 1368 771 1433; x_wconf 87' lang='lat' dir='ltr'><strong>inimica</strong></span> <span class='ocrx_word' id='word_1_63' title='bbox 783 1372 910 1460; x_wconf 76' lang='lat' dir='ltr'><strong>refugit</strong></span> 
     </span>
     <span class='ocr_line' id='line_1_11' title="bbox 95 1472 946 1558; baseline 0.005 -21"><span class='ocrx_word' id='word_1_64' title='bbox 95 1476 129 1539; x_wconf 88' lang='lat' dir='ltr'><strong>ln</strong></span> <span class='ocrx_word' id='word_1_65' title='bbox 136 1494 250 1540; x_wconf 86' lang='lat' dir='ltr'><strong>nemus</strong></span> <span class='ocrx_word' id='word_1_66' title='bbox 264 1474 500 1552; x_wconf 69' lang='lat' dir='ltr'><strong>umbriferum</strong></span> <span class='ocrx_word' id='word_1_67' title='bbox 518 1472 641 1538; x_wconf 88' lang='lat' dir='ltr'><strong>coniux</strong></span> <span class='ocrx_word' id='word_1_68' title='bbox 653 1472 883 1558; x_wconf 85' lang='lat' dir='ltr'><strong>uhipristinus</strong></span> <span class='ocrx_word' id='word_1_69' title='bbox 893 1475 946 1541; x_wconf 88' lang='lat' dir='ltr'><strong>illi</strong></span> 
     </span>
     <span class='ocr_line' id='line_1_12' title="bbox 94 1578 951 1665; baseline 0.006 -24"><span class='ocrx_word' id='word_1_70' title='bbox 94 1580 275 1665; x_wconf 82' lang='lat' dir='ltr'><strong>Respondet</strong></span> <span class='ocrx_word' id='word_1_71' title='bbox 287 1579 386 1661; x_wconf 87' lang='lat' dir='ltr'><strong>curis,</strong></span> <span class='ocrx_word' id='word_1_72' title='bbox 406 1586 591 1661; x_wconf 81' lang='lat' dir='ltr'><strong>aequatque</strong></span> <span class='ocrx_word' id='word_1_73' title='bbox 602 1578 773 1662; x_wconf 76' lang='lat' dir='ltr'><strong>Sychaeus</strong></span> <span class='ocrx_word' id='word_1_74' title='bbox 787 1599 951 1646; x_wconf 80' lang='lat' dir='ltr'><strong>amorem.</strong></span> 
     </span>
     <span class='ocr_line' id='line_1_13' title="bbox 96 1682 880 1770; baseline 0.004 -24"><span class='ocrx_word' id='word_1_75' title='bbox 96 1686 151 1749; x_wconf 87' lang='lat' dir='ltr'><strong>Nec</strong></span> <span class='ocrx_word' id='word_1_76' title='bbox 160 1686 270 1751; x_wconf 87' lang='lat' dir='ltr'><strong>minus</strong></span> <span class='ocrx_word' id='word_1_77' title='bbox 279 1688 422 1767; x_wconf 81' lang='lat' dir='ltr'><strong>Aeneas,</strong></span> <span class='ocrx_word' id='word_1_78' title='bbox 437 1702 516 1747; x_wconf 89' lang='lat' dir='ltr'><strong>casu</strong></span> <span class='ocrx_word' id='word_1_79' title='bbox 532 1704 706 1767; x_wconf 88' lang='lat' dir='ltr'><strong>percussus</strong></span> <span class='ocrx_word' id='word_1_80' title='bbox 718 1682 857 1770; x_wconf 87' lang='lat' dir='ltr'><strong>iniquo,</strong></span> <span class='ocrx_word' id='word_1_81' title='bbox 877 1693 880 1703; x_wconf 81' lang='grc'>’</span> 
     </span>
     <span class='ocr_line' id='line_1_14' title="bbox 96 1790 1001 1881; baseline 0.009 -25"><span class='ocrx_word' id='word_1_82' title='bbox 96 1796 296 1879; x_wconf 77' lang='lat' dir='ltr'><strong>Prosequitur</strong></span> <span class='ocrx_word' id='word_1_83' title='bbox 306 1794 485 1860; x_wconf 87' lang='lat' dir='ltr'><strong>lacrimans</strong></span> <span class='ocrx_word' id='word_1_84' title='bbox 493 1796 608 1881; x_wconf 89' lang='lat' dir='ltr'><strong>longe,</strong></span> <span class='ocrx_word' id='word_1_85' title='bbox 622 1803 655 1857; x_wconf 90' lang='lat' dir='ltr'><strong>et</strong></span> <span class='ocrx_word' id='word_1_86' title='bbox 669 1790 1001 1863; x_wconf 79' lang='lat' dir='ltr'><strong>miseratureunteui.</strong></span> 
     </span>
     <span class='ocr_line' id='line_1_15' title="bbox 127 1898 969 1981; baseline 0.006 -20"><span class='ocrx_word' id='word_1_87' title='bbox 127 1901 203 1965; x_wconf 85' lang='lat' dir='ltr'><strong>lude</strong></span> <span class='ocrx_word' id='word_1_88' title='bbox 212 1903 327 1964; x_wconf 87' lang='lat' dir='ltr'><strong>datum</strong></span> <span class='ocrx_word' id='word_1_89' title='bbox 335 1898 473 1962; x_wconf 88' lang='lat' dir='ltr'><strong>molitur</strong></span> <span class='ocrx_word' id='word_1_90' title='bbox 483 1898 555 1963; x_wconf 89' lang='lat' dir='ltr'><strong>iter.</strong></span> <span class='ocrx_word' id='word_1_91' title='bbox 567 1899 800 1981; x_wconf 80' lang='lat' dir='ltr'><strong>Iamquearva</strong></span> <span class='ocrx_word' id='word_1_92' title='bbox 811 1905 969 1967; x_wconf 86' lang='lat' dir='ltr'><strong>tenebant</strong></span> 
     </span>
    </p>

    <p class='ocr_par' dir='ltr' id='par_1_3' title="bbox 96 1982 952 2105">
     <span class='ocr_line' id='line_1_16' title="bbox 96 1982 952 2105; baseline 0.005 -38"><span class='ocrx_word' id='word_1_93' title='bbox 96 2004 224 2089; x_wconf 90' lang='lat' dir='ltr'><strong>Ultima,</strong></span> <span class='ocrx_word' id='word_1_94' title='bbox 238 1982 325 2087; x_wconf 64' lang='lat' dir='ltr'><strong>quai</strong></span> <span class='ocrx_word' id='word_1_95' title='bbox 335 2006 425 2105; x_wconf 74' lang='lat' dir='ltr'><strong>bello</strong></span> <span class='ocrx_word' id='word_1_96' title='bbox 437 2005 518 2068; x_wconf 86' lang='lat' dir='ltr'><strong>clari</strong></span> <span class='ocrx_word' id='word_1_97' title='bbox 531 2013 656 2069; x_wconf 88' lang='lat' dir='ltr'><strong>secreta</strong></span> <span class='ocrx_word' id='word_1_98' title='bbox 672 2006 896 2087; x_wconf 84' lang='lat' dir='ltr'><strong>frequentant.</strong></span> <span class='ocrx_word' id='word_1_99' title='bbox 948 2028 952 2035; x_wconf 93' lang='lat'>·</span> 
     </span>
    </p>

    <p class='ocr_par' dir='ltr' id='par_1_4' title="bbox 53 2101 1048 2620">
     <span class='ocr_line' id='line_1_17' title="bbox 53 2101 1048 2198; baseline 0.001 -24"><span class='ocrx_word' id='word_1_100' title='bbox 53 2160 55 2167; x_wconf 92' lang='lat'><em>.</em></span> <span class='ocrx_word' id='word_1_101' title='bbox 95 2106 148 2177; x_wconf 89' lang='lat' dir='ltr'><strong>Hic</strong></span> <span class='ocrx_word' id='word_1_102' title='bbox 156 2115 206 2178; x_wconf 89' lang='lat' dir='ltr'><strong>illi</strong></span> <span class='ocrx_word' id='word_1_103' title='bbox 217 2108 524 2195; x_wconf 75' lang='lat' dir='ltr'><strong>occurrid&#39;rydeus,</strong></span> <span class='ocrx_word' id='word_1_104' title='bbox 544 2105 599 2175; x_wconf 86' lang='lat' dir='ltr'><strong>hie</strong></span> <span class='ocrx_word' id='word_1_105' title='bbox 612 2112 759 2176; x_wconf 87' lang='lat' dir='ltr'><strong>inclutus</strong></span> <span class='ocrx_word' id='word_1_106' title='bbox 769 2101 876 2176; x_wconf 62' lang='lat' dir='ltr'><strong>&#39;mmis</strong></span> <span class='ocrx_word' id='word_1_107' title='bbox 988 2130 1048 2198; x_wconf 78' lang='lat'><strong>479</strong></span> 
     </span>
     <span class='ocr_line' id='line_1_18' title="bbox 96 2210 869 2301; baseline 0.004 -26"><span class='ocrx_word' id='word_1_108' title='bbox 96 2216 364 2301; x_wconf 81' lang='lat' dir='ltr'><strong>Parthenopaeus,</strong></span> <span class='ocrx_word' id='word_1_109' title='bbox 384 2224 417 2281; x_wconf 87' lang='lat' dir='ltr'><strong>et</strong></span> <span class='ocrx_word' id='word_1_110' title='bbox 432 2215 564 2279; x_wconf 78' lang='lat' dir='ltr'><strong>Adrasti</strong></span> <span class='ocrx_word' id='word_1_111' title='bbox 578 2210 734 2298; x_wconf 87' lang='lat' dir='ltr'><strong>pallentis</strong></span> <span class='ocrx_word' id='word_1_112' title='bbox 747 2215 869 2301; x_wconf 86' lang='lat' dir='ltr'><strong>imago.</strong></span> 
     </span>
     <span class='ocr_line' id='line_1_19' title="bbox 98 2316 937 2406; baseline 0 -21"><span class='ocrx_word' id='word_1_113' title='bbox 98 2316 151 2387; x_wconf 85' lang='lat' dir='ltr'><strong>Hic</strong></span> <span class='ocrx_word' id='word_1_114' title='bbox 164 2328 306 2389; x_wconf 89' lang='lat' dir='ltr'><strong>multum</strong></span> <span class='ocrx_word' id='word_1_115' title='bbox 322 2323 391 2387; x_wconf 84' lang='lat' dir='ltr'><strong>fleti</strong></span> <span class='ocrx_word' id='word_1_116' title='bbox 405 2325 448 2386; x_wconf 87' lang='lat' dir='ltr'><strong>ad</strong></span> <span class='ocrx_word' id='word_1_117' title='bbox 460 2340 615 2406; x_wconf 87' lang='lat' dir='ltr'><strong>superos,</strong></span> <span class='ocrx_word' id='word_1_118' title='bbox 634 2322 791 2401; x_wconf 90' lang='lat' dir='ltr'><strong>belloque</strong></span> <span class='ocrx_word' id='word_1_119' title='bbox 806 2322 937 2405; x_wconf 88' lang='lat' dir='ltr'><strong>caduci,</strong></span> 
     </span>
     <span class='ocr_line' id='line_1_20' title="bbox 96 2423 987 2511; baseline 0.003 -23"><span class='ocrx_word' id='word_1_120' title='bbox 96 2428 310 2495; x_wconf 85' lang='lat' dir='ltr'><strong>Dardanidae:</strong></span> <span class='ocrx_word' id='word_1_121' title='bbox 324 2448 407 2511; x_wconf 86' lang='lat' dir='ltr'><strong>quos</strong></span> <span class='ocrx_word' id='word_1_122' title='bbox 416 2428 474 2491; x_wconf 91' lang='lat' dir='ltr'><strong>ille</strong></span> <span class='ocrx_word' id='word_1_123' title='bbox 485 2425 593 2491; x_wconf 89' lang='lat' dir='ltr'><strong>omnis</strong></span> <span class='ocrx_word' id='word_1_124' title='bbox 602 2427 704 2511; x_wconf 90' lang='lat' dir='ltr'><strong>longo</strong></span> <span class='ocrx_word' id='word_1_125' title='bbox 715 2423 834 2487; x_wconf 87' lang='lat' dir='ltr'><strong>ordine</strong></span> <span class='ocrx_word' id='word_1_126' title='bbox 847 2444 987 2491; x_wconf 86' lang='lat' dir='ltr'><strong>cernens</strong></span> 
     </span>
     <span class='ocr_line' id='line_1_21' title="bbox 96 2529 934 2620; baseline -0.011 -20"><span class='ocrx_word' id='word_1_127' title='bbox 96 2529 259 2620; x_wconf 81' lang='lat' dir='ltr'><strong>Ingemuit,</strong></span> <span class='ocrx_word' id='word_1_128' title='bbox 273 2536 524 2614; x_wconf 83' lang='lat' dir='ltr'><strong>Glaucumque,</strong></span> <span class='ocrx_word' id='word_1_129' title='bbox 539 2532 781 2612; x_wconf 86' lang='lat' dir='ltr'><strong>Medontaque,</strong></span> <span class='ocrx_word' id='word_1_130' title='bbox 798 2529 934 2594; x_wconf 82' lang='lat' dir='ltr'><strong>lhersi-</strong></span> 
     </span>
    </p>

    <p class='ocr_par' dir='ltr' id='par_1_5' title="bbox 607 2633 831 2713">
     <span class='ocr_line' id='line_1_22' title="bbox 607 2633 831 2713; baseline 0 -18"><span class='ocrx_word' id='word_1_131' title='bbox 607 2633 831 2713; x_wconf 86' lang='lat' dir='ltr'><strong>lochumque,</strong></span> 
     </span>
    </p>

    <p class='ocr_par' dir='ltr' id='par_1_6' title="bbox 93 2734 1044 3670">
     <span class='ocr_line' id='line_1_23' title="bbox 95 2734 993 2823; baseline 0.002 -25"><span class='ocrx_word' id='word_1_132' title='bbox 95 2734 155 2803; x_wconf 86' lang='lat' dir='ltr'><strong>Tris</strong></span> <span class='ocrx_word' id='word_1_133' title='bbox 163 2738 395 2823; x_wconf 76' lang='lat' dir='ltr'><strong>Antenoridas,</strong></span> <span class='ocrx_word' id='word_1_134' title='bbox 407 2736 587 2818; x_wconf 88' lang='lat' dir='ltr'><strong>Cererique</strong></span> <span class='ocrx_word' id='word_1_135' title='bbox 597 2756 729 2801; x_wconf 89' lang='lat' dir='ltr'><strong>sacrum</strong></span> <span class='ocrx_word' id='word_1_136' title='bbox 743 2738 993 2821; x_wconf 88' lang='lat' dir='ltr'><strong>Polyphoeten,</strong></span> 
     </span>
     <span class='ocr_line' id='line_1_24' title="bbox 95 2836 975 2927; baseline 0.002 -24"><span class='ocrx_word' id='word_1_137' title='bbox 95 2836 295 2927; x_wconf 86' lang='lat' dir='ltr'><strong>Idaeumque,</strong></span> <span class='ocrx_word' id='word_1_138' title='bbox 309 2845 409 2908; x_wconf 88' lang='lat' dir='ltr'><strong>etiam</strong></span> <span class='ocrx_word' id='word_1_139' title='bbox 420 2856 554 2924; x_wconf 83' lang='lat' dir='ltr'><strong>currus,</strong></span> <span class='ocrx_word' id='word_1_140' title='bbox 570 2841 671 2905; x_wconf 87' lang='lat' dir='ltr'><strong>etiam</strong></span> <span class='ocrx_word' id='word_1_141' title='bbox 685 2858 778 2904; x_wconf 86' lang='lat' dir='ltr'><strong>arma</strong></span> <span class='ocrx_word' id='word_1_142' title='bbox 796 2851 975 2905; x_wconf 87' lang='lat' dir='ltr'><strong>tenentem.</strong></span> 
     </span>
     <span class='ocr_line' id='line_1_25' title="bbox 95 2944 965 3026; baseline 0.007 -22"><span class='ocrx_word' id='word_1_143' title='bbox 95 2944 300 3013; x_wconf 84' lang='lat' dir='ltr'><strong>Circumstant</strong></span> <span class='ocrx_word' id='word_1_144' title='bbox 309 2949 441 3012; x_wconf 88' lang='lat' dir='ltr'><strong>animae</strong></span> <span class='ocrx_word' id='word_1_145' title='bbox 451 2949 566 3011; x_wconf 84' lang='lat' dir='ltr'><strong>dextra</strong></span> <span class='ocrx_word' id='word_1_146' title='bbox 575 2948 738 3026; x_wconf 86' lang='lat' dir='ltr'><strong>laevaque</strong></span> <span class='ocrx_word' id='word_1_147' title='bbox 752 2946 965 3026; x_wconf 63' lang='lat' dir='ltr'><strong>frequentes</strong></span> 
     </span>
     <span class='ocr_line' id='line_1_26' title="bbox 95 3050 943 3137; baseline 0.007 -27"><span class='ocrx_word' id='word_1_148' title='bbox 95 3050 275 3119; x_wconf 85' lang='lat' dir='ltr'><strong>Necvidisse</strong></span> <span class='ocrx_word' id='word_1_149' title='bbox 285 3056 387 3119; x_wconf 87' lang='lat' dir='ltr'><strong>semel</strong></span> <span class='ocrx_word' id='word_1_150' title='bbox 400 3055 476 3121; x_wconf 84' lang='lat' dir='ltr'><strong>satis</strong></span> <span class='ocrx_word' id='word_1_151' title='bbox 487 3064 552 3119; x_wconf 84' lang='lat' dir='ltr'><strong>est:</strong></span> <span class='ocrx_word' id='word_1_152' title='bbox 571 3054 663 3117; x_wconf 78' lang='lat' dir='ltr'><strong>iuvat</strong></span> <span class='ocrx_word' id='word_1_153' title='bbox 681 3070 786 3132; x_wconf 84' lang='lat' dir='ltr'><strong>usque</strong></span> <span class='ocrx_word' id='word_1_154' title='bbox 801 3054 943 3137; x_wconf 88' lang='lat' dir='ltr'><strong>morari,</strong></span> 
     </span>
     <span class='ocr_line' id='line_1_27' title="bbox 94 3155 946 3250; baseline 0.004 -32"><span class='ocrx_word' id='word_1_155' title='bbox 94 3155 126 3218; x_wconf 85' lang='lat' dir='ltr'><strong>Et</strong></span> <span class='ocrx_word' id='word_1_156' title='bbox 136 3164 281 3225; x_wconf 76' lang='lat' dir='ltr'><strong>consenc</strong></span> <span class='ocrx_word' id='word_1_157' title='bbox 290 3164 448 3250; x_wconf 86' lang='lat' dir='ltr'><strong>gradum,</strong></span> <span class='ocrx_word' id='word_1_158' title='bbox 463 3170 497 3223; x_wconf 89' lang='lat' dir='ltr'><strong>et</strong></span> <span class='ocrx_word' id='word_1_159' title='bbox 509 3160 665 3223; x_wconf 86' lang='lat' dir='ltr'><strong>veniendi</strong></span> <span class='ocrx_word' id='word_1_160' title='bbox 676 3160 802 3223; x_wconf 57' lang='lat' dir='ltr'><strong>decere</strong></span> <span class='ocrx_word' id='word_1_161' title='bbox 819 3178 946 3223; x_wconf 79' lang='lat' dir='ltr'><strong>causas.</strong></span> 
     </span>
     <span class='ocr_line' id='line_1_28' title="bbox 94 3260 1044 3353; baseline 0.011 -31"><span class='ocrx_word' id='word_1_162' title='bbox 94 3260 286 3331; x_wconf 68' lang='lat' dir='ltr'><strong>Athanatum</strong></span> <span class='ocrx_word' id='word_1_163' title='bbox 299 3287 466 3351; x_wconf 85' lang='lat' dir='ltr'><strong>proceres,</strong></span> <span class='ocrx_word' id='word_1_164' title='bbox 478 3265 828 3351; x_wconf 79' lang='lat' dir='ltr'><strong>Agamemnoniaeque</strong></span> <span class='ocrx_word' id='word_1_165' title='bbox 845 3266 1044 3353; x_wconf 82' lang='lat' dir='ltr'><strong>phalanges,</strong></span> 
     </span>
     <span class='ocr_line' id='line_1_29' title="bbox 93 3364 958 3460; baseline 0.006 -30"><span class='ocrx_word' id='word_1_166' title='bbox 93 3364 128 3429; x_wconf 89' lang='lat' dir='ltr'><strong>Ut</strong></span> <span class='ocrx_word' id='word_1_167' title='bbox 138 3372 247 3437; x_wconf 85' lang='lat' dir='ltr'><strong>videre</strong></span> <span class='ocrx_word' id='word_1_168' title='bbox 256 3375 381 3456; x_wconf 84' lang='lat' dir='ltr'><strong>virum,</strong></span> <span class='ocrx_word' id='word_1_169' title='bbox 392 3373 619 3460; x_wconf 83' lang='lat' dir='ltr'><strong>fulgentiaque</strong></span> <span class='ocrx_word' id='word_1_170' title='bbox 630 3390 724 3434; x_wconf 83' lang='lat' dir='ltr'><strong>arma</strong></span> <span class='ocrx_word' id='word_1_171' title='bbox 734 3394 795 3455; x_wconf 91' lang='lat' dir='ltr'><strong>per</strong></span> <span class='ocrx_word' id='word_1_172' title='bbox 806 3374 958 3456; x_wconf 87' lang='lat' dir='ltr'><strong>umbras,</strong></span> 
     </span>
     <span class='ocr_line' id='line_1_30' title="bbox 93 3470 877 3569; baseline 0.003 -26"><span class='ocrx_word' id='word_1_173' title='bbox 93 3470 211 3565; x_wconf 76' lang='lat' dir='ltr'><strong>Ingenti</strong></span> <span class='ocrx_word' id='word_1_174' title='bbox 223 3476 388 3567; x_wconf 67' lang='lat' dir='ltr'><strong>trepidahe</strong></span> <span class='ocrx_word' id='word_1_175' title='bbox 405 3494 513 3546; x_wconf 85' lang='lat' dir='ltr'><strong>metu:</strong></span> <span class='ocrx_word' id='word_1_176' title='bbox 532 3503 609 3565; x_wconf 89' lang='lat' dir='ltr'><strong>pars</strong></span> <span class='ocrx_word' id='word_1_177' title='bbox 624 3492 754 3544; x_wconf 84' lang='lat' dir='ltr'><strong>vertere</strong></span> <span class='ocrx_word' id='word_1_178' title='bbox 766 3492 877 3569; x_wconf 87' lang='lat' dir='ltr'><strong>terga,</strong></span> 
     </span>
     <span class='ocr_line' id='line_1_31' title="bbox 93 3576 943 3670; baseline 0.008 -25"><span class='ocrx_word' id='word_1_179' title='bbox 93 3579 147 3645; x_wconf 85' lang='lat' dir='ltr'><strong>Ceu</strong></span> <span class='ocrx_word' id='word_1_180' title='bbox 160 3590 329 3666; x_wconf 88' lang='lat' dir='ltr'><strong>quondam</strong></span> <span class='ocrx_word' id='word_1_181' title='bbox 344 3587 470 3670; x_wconf 88' lang='lat' dir='ltr'><strong>petiere</strong></span> <span class='ocrx_word' id='word_1_182' title='bbox 481 3587 579 3664; x_wconf 78' lang='lat' dir='ltr'><strong>ratis3</strong></span> <span class='ocrx_word' id='word_1_183' title='bbox 596 3604 672 3667; x_wconf 87' lang='lat' dir='ltr'><strong>pars</strong></span> <span class='ocrx_word' id='word_1_184' title='bbox 690 3588 807 3650; x_wconf 89' lang='lat' dir='ltr'><strong>tollere</strong></span> <span class='ocrx_word' id='word_1_185' title='bbox 824 3576 943 3653; x_wconf 78' lang='lat' dir='ltr'><strong>voceni</strong></span> 
     </span>
    </p>
   </div>
   <div class='ocr_carea' id='block_1_3' title="bbox 92 3685 922 3888">
    <p class='ocr_par' dir='ltr' id='par_1_7' title="bbox 92 3685 922 3888">
     <span class='ocr_line' id='line_1_32' title="bbox 92 3685 922 3781; baseline 0.006 -27"><span class='ocrx_word' id='word_1_186' title='bbox 92 3685 258 3778; x_wconf 80' lang='lat' dir='ltr'><strong>Exiguam:</strong></span> <span class='ocrx_word' id='word_1_187' title='bbox 280 3696 430 3781; x_wconf 88' lang='lat' dir='ltr'><strong>inceptus</strong></span> <span class='ocrx_word' id='word_1_188' title='bbox 447 3700 574 3760; x_wconf 90' lang='lat' dir='ltr'><strong>clamor</strong></span> <span class='ocrx_word' id='word_1_189' title='bbox 591 3696 769 3759; x_wconf 81' lang='lat' dir='ltr'><strong>frustratur</strong></span> <span class='ocrx_word' id='word_1_190' title='bbox 787 3696 922 3761; x_wconf 88' lang='lat' dir='ltr'><strong>hiantis.</strong></span> 
     </span>
     <span class='ocr_line' id='line_1_33' title="bbox 124 3792 919 3888; baseline 0.008 -29"><span class='ocrx_word' id='word_1_191' title='bbox 124 3799 225 3880; x_wconf 76' lang='lat' dir='ltr'><strong>Atque</strong></span> <span class='ocrx_word' id='word_1_192' title='bbox 237 3792 294 3865; x_wconf 85' lang='lat' dir='ltr'><strong>hic</strong></span> <span class='ocrx_word' id='word_1_193' title='bbox 307 3802 498 3867; x_wconf 85' lang='lat' dir='ltr'><strong>Priamiden</strong></span> <span class='ocrx_word' id='word_1_194' title='bbox 515 3802 678 3871; x_wconf 80' lang='lat' dir='ltr'><strong>laniatum</strong></span> <span class='ocrx_word' id='word_1_195' title='bbox 693 3822 833 3888; x_wconf 87' lang='lat' dir='ltr'><strong>corpore</strong></span> <span class='ocrx_word' id='word_1_196' title='bbox 849 3814 919 3867; x_wconf 87' lang='lat' dir='ltr'><strong>toto</strong></span> 
     </span>
    </p>
   </div>
   <div class='ocr_carea' id='block_1_4' title="bbox 0 0 1410 4817">
    <p class='ocr_par' dir='ltr' id='par_1_8' title="bbox 0 0 1410 4817">
     <span class='ocr_line' id='line_1_34' title="bbox 0 0 1410 4817; baseline 0 0"><span class='ocrx_word' id='word_1_197' title='bbox 0 0 1410 4817; x_wconf 95' lang='lat' dir='ltr'><strong> </strong></span> 
     </span>
    </p>
   </div>
  </div>
 </body>
</html>
