2809 4817
329 384 368 431 ar
631 349 1040 419 ‘AENEIDOS'
1127 351 1254 424 mitti.

326 508 368 571 Et
380 509 487 569 vastes
501 495 608 584 aperit
623 496 742 581 syrtis,
756 504 790 559 et
806 503 966 578 temperat
981 472 1122 575 aequor3

326 619 433 698 Atque
450 604 532 677 rotis
546 628 691 675 summas
703 605 834 671 levibus
849 604 1033 689 perlabitur
1047 606 1165 667 undas.

326 725 393 805 Ac,
407 719 511 784 veluti
524 734 647 804 magno
662 714 699 777 in
715 713 841 797 populo
856 725 933 777 cum
946 730 1046 794 saepe
1063 717 1178 775 coorta
1195 714 1244 775 est

325 824 470 904 Seditio,
490 820 656 901 saevitque
671 817 791 881 animis
804 816 953 905 ignobile
965 818 1099 903 volgus3

325 928 465 1009 Iamque
479 926 567 989 faces
585 930 617 987 et
632 942 709 988 saxa
722 924 854 1000 volant3
870 922 966 985 furor
978 940 1072 983 arma
1090 916 1278 982 ministrate

326 1034 432 1114 tum,
444 1030 568 1115 pietate
582 1038 720 1116 gravem
733 1026 952 1093 aemeritissi
964 1028 1049 1089 forte
1063 1023 1176 1087 virum
1192 1040 1299 1105 quem

327 1138 551 1218 Conspexere,
566 1132 680 1214 silent,
696 1131 896 1213 arrectisque
910 1129 1045 1197 auribus
1057 1130 1203 1206 adstant3

326 1230 393 1304 Iste
409 1238 494 1325 regit
506 1237 601 1301 dictis
617 1236 763 1318 animos,
779 1247 812 1300 et
824 1245 956 1319 pectora
971 1237 1108 1298 mulcet:

327 1346 381 1409 Sic
398 1354 535 1411 cunctus
547 1344 657 1431 pelagi
675 1343 795 1407 cecidit
810 1339 940 1429 tragon,
957 1361 1103 1426 aequora
1116 1345 1298 1427 postquam

328 1451 536 1536 Prospiciens
549 1452 696 1538 genitor,
715 1452 875 1531 coeloque
895 1450 1044 1513 invectus
1060 1456 1194 1531 aperto,

274 1558 278 1574 '
327 1557 445 1621 Flectit
462 1574 580 1638 equos,
596 1570 762 1636 curruque
775 1556 891 1618 volans
908 1554 965 1616 dat
979 1554 1051 1615 lora
1063 1551 1224 1616 secundo.

370 1662 497 1725 Defessi
509 1663 697 1744 Aeneadae,
716 1682 801 1743 quae
816 1678 995 1743 proxuma,
1005 1658 1103 1721 litora
1117 1676 1216 1719 cursu
1239 1714 1243 1722 .

329 1769 544 1833 contendunt
560 1776 690 1850 petere,
708 1776 741 1829 et
759 1765 888 1848 Libyae
902 1771 1077 1827 vertuntur
1091 1763 1233 1828 adoras

329 1874 385 1937 Est
398 1872 434 1935 in
450 1894 576 1937 secessu
595 1875 699 1959 longo
717 1874 825 1949 locus:
850 1853 959 1936 insula
978 1879 1113 1954 portum

329 1972 439 2039 Efficit
454 1975 584 2039 obiectu
602 1977 757 2057 laterum,
771 1972 893 2055 quihus
905 1974 1013 2038 omnis
1026 1974 1070 2037 ab
1085 1974 1152 2037 alto
1238 1975 1300 2037 160

287 2146 290 2152 Δ
329 2082 507 2167 Frangitur
522 2081 624 2161 inque
641 2080 733 2143 sinus
744 2077 865 2143 scindit
881 2075 950 2142 se'se
964 2078 1055 2141 unda
1071 2080 1235 2141 reductos.

328 2187 419 2251 Hinc
432 2198 531 2269 atque
547 2187 625 2250 hinc
638 2197 750 2251 vastae
759 2206 862 2270 rupes
877 2184 1072 2271 geminique
1089 2186 1264 2256 minantur

329 2293 371 2357 In
391 2294 521 2357 coelum
538 2292 685 2379 scopuli,
701 2311 843 2373 quorum
856 2294 918 2355 sub
935 2289 1060 2358 vertice
1071 2291 1138 2353 late

329 2403 487 2483 Aequora
503 2414 572 2467 tuta
586 2404 701 2480 silent3
721 2412 791 2465 tum
806 2398 898 2464 silvis
912 2418 1011 2463 scena
1027 2395 1170 2462 coruscis

331 2511 495 2591 Desuper,
511 2507 726 2589 horrentique
742 2516 851 2569 atrum
867 2527 985 2571 nemus
998 2504 1151 2568 imminet
1164 2507 1301 2572 umbra.

329 2617 453 2677 Fronte
464 2615 526 2676 sub
541 2615 679 2677 adversa
692 2611 836 2696 scopulis
847 2610 1067 2697 pendentibus
1082 2621 1234 2693 annum

328 2718 423 2781 intus
439 2736 545 2797 aquae
559 2716 688 2797 dulces,
701 2716 845 2797 vivoque
860 2715 978 2779 sedilia
991 2736 1089 2795 saxo;

329 2824 564 2907 Nympharum
576 2822 704 2886 domus.
724 2814 789 2885 llic
802 2823 900 2886 fessas
914 2794 984 2886 nim
996 2822 1130 2887 vincula
1144 2824 1242 2890 nasi-s

329 2928 408 2991 Ulla
427 2936 554 3004 tenent3
574 2924 743 3014 unconon
756 2926 882 3013 adligat
898 2946 1021 2994 ancora
1034 2946 1159 2991 morsu.

329 3034 405 3096 Huc
421 3039 546 3112 septem
558 3032 685 3094 Aeneas
701 3029 844 3096 collectis
860 3029 1000 3095 navibus
1017 3031 1110 3093 omni

329 3137 380 3197 Ex
392 3151 537 3197 numero·
548 3132 650 3211 subit,
668 3117 724 3216 ac,
744 3153 866 3220 magno
881 3132 1006 3197 telluris
1018 3154 1133 3200 amore
1148 3189 1150 3196 .

328 3237 484 3326 Egressi,
494 3247 606 3321 optata
625 3236 797 3320 potiuntur
813 3240 916 3303 Troes
934 3260 1053 3325 arena,

329 3343 372 3405 Et
384 3346 451 3407 sale
467 3344 608 3410 tabentis
624 3354 715 3408 artus
731 3346 769 3409 in
785 3344 883 3414 litore
898 3355 1039 3429 ponunt.

309 3519 311 3523 ,
329 3453 376 3514 Ac
388 3450 535 3534 primum
553 3450 638 3516 silici
654 3452 832 3515 scintillam
847 3452 979 3517 excudit
989 3454 1143 3537 Achates,

314 3598 316 3602 ·
328 3559 542 3642 suscepitque
553 3558 668 3646 ignem
684 3561 790 3644 foliis,
803 3570 902 3644 atque
916 3560 1011 3624 arido
1022 3544 1149 3627 circum

329 3666 538 3730 Nutrimenta
552 3667 655 3750 dedit,
674 3669 849 3752 rapuitque
868 3668 906 3731 in
921 3668 1039 3733 fomite
1053 3672 1231 3734 flammam.

329 3774 420 3839 Tum
435 3776 588 3839 Cererem
598 3784 787 3859 corruptam
799 3775 898 3848 undis
910 3775 1124 3859 cerealiaque
1137 3795 1233 3840 arma
