<?xml version="1.0" encoding="UTF-8"?>
<!DOCTYPE html PUBLIC "-//W3C//DTD XHTML 1.0 Transitional//EN"
    "http://www.w3.org/TR/xhtml1/DTD/xhtml1-transitional.dtd">
<html xmlns="http://www.w3.org/1999/xhtml" xml:lang="en" lang="en">
 <head>
  <title>
</title>
<meta http-equiv="Content-Type" content="text/html;charset=utf-8" />
  <meta name='ocr-system' content='tesseract 3.04.00' />
  <meta name='ocr-capabilities' content='ocr_page ocr_carea ocr_par ocr_line ocrx_word'/>
</head>
<body>
  <div class='ocr_page' id='page_1' title='image "./pvirgiliimaroni00clasgoog_0160.png"; bbox 0 0 2809 4817; ppageno 0'>
   <div class='ocr_carea' id='block_1_1' title="bbox 369 393 1291 475">
    <p class='ocr_par' dir='ltr' id='par_1_1' title="bbox 369 393 1291 475">
     <span class='ocr_line' id='line_1_1' title="bbox 369 393 1291 475; baseline 0.002 -14"><span class='ocrx_word' id='word_1_1' title='bbox 369 398 429 475; x_wconf 66' lang='lat' dir='ltr'>ru</span> <span class='ocrx_word' id='word_1_2' title='bbox 672 393 1025 458; x_wconf 69' lang='lat' dir='ltr'>nunu1noc</span> <span class='ocrx_word' id='word_1_3' title='bbox 1173 402 1291 464; x_wconf 52' lang='lat' dir='ltr'>mne</span> 
     </span>
    </p>
   </div>
   <div class='ocr_carea' id='block_1_2' title="bbox 364 536 1211 947">
    <p class='ocr_par' dir='ltr' id='par_1_2' title="bbox 364 536 1211 947">
     <span class='ocr_line' id='line_1_2' title="bbox 365 536 1147 621; baseline -0.001 -15"><span class='ocrx_word' id='word_1_4' title='bbox 365 540 612 621; x_wconf 85' lang='lat' dir='ltr'>Fraxineacque</span> <span class='ocrx_word' id='word_1_5' title='bbox 624 540 734 603; x_wconf 77' lang='lat' dir='ltr'>trabea</span> <span class='ocrx_word' id='word_1_6' title='bbox 751 538 865 603; x_wconf 76' lang='lat' dir='ltr'>cuneis</span> <span class='ocrx_word' id='word_1_7' title='bbox 883 549 917 602; x_wconf 88' lang='lat' dir='ltr'>et</span> <span class='ocrx_word' id='word_1_8' title='bbox 928 536 1029 605; x_wconf 79' lang='lat' dir='ltr'>fissile</span> <span class='ocrx_word' id='word_1_9' title='bbox 1040 541 1147 605; x_wconf 88' lang='lat' dir='ltr'>robur</span> 
     </span>
     <span class='ocr_line' id='line_1_3' title="bbox 364 643 1210 734; baseline 0.006 -23"><span class='ocrx_word' id='word_1_10' title='bbox 364 644 550 725; x_wconf 79' lang='lat' dir='ltr'>Scinditur3</span> <span class='ocrx_word' id='word_1_11' title='bbox 563 647 748 709; x_wconf 82' lang='lat' dir='ltr'><strong>advolvunt</strong></span> <span class='ocrx_word' id='word_1_12' title='bbox 757 643 901 734; x_wconf 80' lang='lat' dir='ltr'>ingentis</span> <span class='ocrx_word' id='word_1_13' title='bbox 914 646 1085 713; x_wconf 88' lang='lat' dir='ltr'>montibus</span> <span class='ocrx_word' id='word_1_14' title='bbox 1098 670 1210 717; x_wconf 73' lang='lat' dir='ltr'>ornos.</span> 
     </span>
     <span class='ocr_line' id='line_1_4' title="bbox 365 751 1099 837; baseline 0.003 -20"><span class='ocrx_word' id='word_1_15' title='bbox 365 755 512 819; x_wconf 88' lang='lat' dir='ltr'>Necnon</span> <span class='ocrx_word' id='word_1_16' title='bbox 522 755 648 816; x_wconf 80' lang='lat' dir='ltr'>Aeneas</span> <span class='ocrx_word' id='word_1_17' title='bbox 661 771 764 837; x_wconf 85' lang='lat' dir='ltr'>opera</span> <span class='ocrx_word' id='word_1_18' title='bbox 777 751 866 815; x_wconf 89' lang='lat' dir='ltr'>inter</span> <span class='ocrx_word' id='word_1_19' title='bbox 876 752 955 816; x_wconf 87' lang='lat' dir='ltr'>talia</span> <span class='ocrx_word' id='word_1_20' title='bbox 963 752 1099 835; x_wconf 63' lang='lat' dir='ltr'>»primus</span> 
     </span>
     <span class='ocr_line' id='line_1_5' title="bbox 364 857 1211 947; baseline 0.005 -23"><span class='ocrx_word' id='word_1_21' title='bbox 364 858 528 929; x_wconf 77' lang='lat' dir='ltr'>Hortatur</span> <span class='ocrx_word' id='word_1_22' title='bbox 541 858 661 943; x_wconf 79' lang='lat' dir='ltr'>socios,</span> <span class='ocrx_word' id='word_1_23' title='bbox 676 857 881 943; x_wconf 78' lang='lat' dir='ltr'>paribusque</span> <span class='ocrx_word' id='word_1_24' title='bbox 893 859 1081 947; x_wconf 81' lang='lat' dir='ltr'>accingitur</span> <span class='ocrx_word' id='word_1_25' title='bbox 1090 863 1211 943; x_wconf 55' lang='lat' dir='ltr'>amrin</span> 
     </span>
    </p>
   </div>
   <div class='ocr_carea' id='block_1_3' title="bbox 243 964 1195 1053">
    <p class='ocr_par' dir='ltr' id='par_1_3' title="bbox 243 964 1195 1053">
     <span class='ocr_line' id='line_1_6' title="bbox 243 964 1195 1053; baseline -0.001 -19"><span class='ocrx_word' id='word_1_26' title='bbox 243 980 249 988; x_wconf 86' lang='lat'><em>&#39;</em></span> <span class='ocrx_word' id='word_1_27' title='bbox 363 971 472 1050; x_wconf 80' lang='lat' dir='ltr'>Atque</span> <span class='ocrx_word' id='word_1_28' title='bbox 485 968 567 1032; x_wconf 88' lang='lat' dir='ltr'>hacc</span> <span class='ocrx_word' id='word_1_29' title='bbox 581 966 652 1051; x_wconf 81' lang='lat' dir='ltr'>ipse</span> <span class='ocrx_word' id='word_1_30' title='bbox 665 985 727 1032; x_wconf 83' lang='lat' dir='ltr'>suo</span> <span class='ocrx_word' id='word_1_31' title='bbox 743 964 827 1031; x_wconf 79' lang='lat' dir='ltr'>tristi</span> <span class='ocrx_word' id='word_1_32' title='bbox 839 986 917 1029; x_wconf 90' lang='lat' dir='ltr'>cum</span> <span class='ocrx_word' id='word_1_33' title='bbox 928 968 1030 1031; x_wconf 90' lang='lat' dir='ltr'>corde</span> <span class='ocrx_word' id='word_1_34' title='bbox 1048 966 1195 1053; x_wconf 80' lang='lat' dir='ltr'>volutat,</span> 
     </span>
    </p>
   </div>
   <div class='ocr_carea' id='block_1_4' title="bbox 299 1071 1378 3163">
    <p class='ocr_par' dir='ltr' id='par_1_4' title="bbox 363 1071 1294 1369">
     <span class='ocr_line' id='line_1_7' title="bbox 363 1071 1294 1159; baseline -0.001 -19"><span class='ocrx_word' id='word_1_35' title='bbox 363 1076 564 1159; x_wconf 73' lang='lat' dir='ltr'>adspectans</span> <span class='ocrx_word' id='word_1_36' title='bbox 577 1072 697 1137; x_wconf 82' lang='lat' dir='ltr'>silvam</span> <span class='ocrx_word' id='word_1_37' title='bbox 707 1072 922 1156; x_wconf 78' lang='lat' dir='ltr'>immensam,</span> <span class='ocrx_word' id='word_1_38' title='bbox 938 1081 972 1135; x_wconf 82' lang='lat' dir='ltr'>et</span> <span class='ocrx_word' id='word_1_39' title='bbox 984 1071 1031 1136; x_wconf 78' lang='lat' dir='ltr'>cic</span> <span class='ocrx_word' id='word_1_40' title='bbox 1040 1093 1123 1137; x_wconf 85' lang='lat' dir='ltr'>voce</span> <span class='ocrx_word' id='word_1_41' title='bbox 1132 1084 1294 1158; x_wconf 77' lang='lat' dir='ltr'>precatur:</span> 
     </span>
     <span class='ocr_line' id='line_1_8' title="bbox 364 1178 1223 1245; baseline 0 -2"><span class='ocrx_word' id='word_1_42' title='bbox 364 1180 398 1243; x_wconf 82' lang='lat' dir='ltr'>Si</span> <span class='ocrx_word' id='word_1_43' title='bbox 408 1201 499 1244; x_wconf 90' lang='lat' dir='ltr'>nunc</span> <span class='ocrx_word' id='word_1_44' title='bbox 515 1201 550 1245; x_wconf 88' lang='lat' dir='ltr'>se</span> <span class='ocrx_word' id='word_1_45' title='bbox 567 1178 665 1245; x_wconf 76' lang='lat' dir='ltr'>nohis</span> <span class='ocrx_word' id='word_1_46' title='bbox 681 1180 743 1244; x_wconf 89' lang='lat' dir='ltr'>illc</span> <span class='ocrx_word' id='word_1_47' title='bbox 757 1197 877 1243; x_wconf 71' lang='lat' dir='ltr'>aureus</span> <span class='ocrx_word' id='word_1_48' title='bbox 890 1180 1012 1243; x_wconf 84' lang='lat' dir='ltr'>arbore</span> <span class='ocrx_word' id='word_1_49' title='bbox 1030 1200 1146 1243; x_wconf 78' lang='lat' dir='ltr'>ramus</span> <span class='ocrx_word' id='word_1_50' title='bbox 1218 1188 1223 1201; x_wconf 83' lang='lat'><strong>‘</strong></span> 
     </span>
     <span class='ocr_line' id='line_1_9' title="bbox 364 1288 1221 1369; baseline 0.002 -17"><span class='ocrx_word' id='word_1_51' title='bbox 364 1290 525 1353; x_wconf 84' lang='lat' dir='ltr'>Ostendat</span> <span class='ocrx_word' id='word_1_52' title='bbox 534 1288 722 1368; x_wconf 85' lang='lat' dir='ltr'>nemorein</span> <span class='ocrx_word' id='word_1_53' title='bbox 740 1290 853 1352; x_wconf 78' lang='lat' dir='ltr'>tanto!</span> <span class='ocrx_word' id='word_1_54' title='bbox 871 1288 1006 1369; x_wconf 86' lang='lat' dir='ltr'>quaudo</span> <span class='ocrx_word' id='word_1_55' title='bbox 1017 1288 1131 1351; x_wconf 91' lang='lat' dir='ltr'>omnia</span> <span class='ocrx_word' id='word_1_56' title='bbox 1142 1310 1221 1354; x_wconf 83' lang='lat' dir='ltr'>vere</span> 
     </span>
    </p>

    <p class='ocr_par' dir='ltr' id='par_1_5' title="bbox 361 1393 1185 1476">
     <span class='ocr_line' id='line_1_10' title="bbox 361 1393 1185 1476; baseline -0.001 -16"><span class='ocrx_word' id='word_1_57' title='bbox 361 1400 437 1460; x_wconf 88' lang='lat' dir='ltr'>Heu</span> <span class='ocrx_word' id='word_1_58' title='bbox 453 1396 597 1459; x_wconf 88' lang='lat' dir='ltr'>nimium</span> <span class='ocrx_word' id='word_1_59' title='bbox 606 1396 650 1461; x_wconf 87' lang='lat' dir='ltr'>de</span> <span class='ocrx_word' id='word_1_60' title='bbox 663 1406 695 1460; x_wconf 91' lang='lat' dir='ltr'>te</span> <span class='ocrx_word' id='word_1_61' title='bbox 711 1405 818 1471; x_wconf 76' lang='lat' dir='ltr'>vates,</span> <span class='ocrx_word' id='word_1_62' title='bbox 838 1393 983 1476; x_wconf 77' lang='lat' dir='ltr'>Miacne,</span> <span class='ocrx_word' id='word_1_63' title='bbox 997 1395 1109 1459; x_wconf 87' lang='lat' dir='ltr'>locuta</span> <span class='ocrx_word' id='word_1_64' title='bbox 1126 1404 1185 1460; x_wconf 84' lang='lat' dir='ltr'>est.</span> 
     </span>
    </p>

    <p class='ocr_par' dir='ltr' id='par_1_6' title="bbox 361 1499 1231 1687">
     <span class='ocr_line' id='line_1_11' title="bbox 361 1499 1231 1588; baseline -0.002 -21"><span class='ocrx_word' id='word_1_65' title='bbox 361 1500 428 1567; x_wconf 88' lang='lat' dir='ltr'>Vix</span> <span class='ocrx_word' id='word_1_66' title='bbox 442 1502 579 1567; x_wconf 77' lang='lat' dir='ltr'>casatus</span> <span class='ocrx_word' id='word_1_67' title='bbox 593 1511 679 1583; x_wconf 83' lang='lat' dir='ltr'>erat,</span> <span class='ocrx_word' id='word_1_68' title='bbox 695 1500 851 1588; x_wconf 82' lang='lat' dir='ltr'>geminae</span> <span class='ocrx_word' id='word_1_69' title='bbox 864 1520 941 1563; x_wconf 87' lang='lat' dir='ltr'>cum</span> <span class='ocrx_word' id='word_1_70' title='bbox 955 1499 1041 1563; x_wconf 85' lang='lat' dir='ltr'>forte</span> <span class='ocrx_word' id='word_1_71' title='bbox 1055 1501 1231 1565; x_wconf 79' lang='lat' dir='ltr'>columbae</span> 
     </span>
     <span class='ocr_line' id='line_1_12' title="bbox 361 1603 1087 1687; baseline 0.001 -20"><span class='ocrx_word' id='word_1_72' title='bbox 361 1606 436 1687; x_wconf 85' lang='lat' dir='ltr'>Ipsa</span> <span class='ocrx_word' id='word_1_73' title='bbox 449 1608 512 1669; x_wconf 87' lang='lat' dir='ltr'>sub</span> <span class='ocrx_word' id='word_1_74' title='bbox 523 1625 582 1667; x_wconf 91' lang='lat' dir='ltr'>cra</span> <span class='ocrx_word' id='word_1_75' title='bbox 592 1603 657 1667; x_wconf 80' lang='lat' dir='ltr'>viri</span> <span class='ocrx_word' id='word_1_76' title='bbox 671 1608 766 1668; x_wconf 88' lang='lat' dir='ltr'>coelo</span> <span class='ocrx_word' id='word_1_77' title='bbox 779 1624 901 1670; x_wconf 79' lang='lat' dir='ltr'>venere</span> <span class='ocrx_word' id='word_1_78' title='bbox 920 1604 1087 1685; x_wconf 72' lang='lat' dir='ltr'>volantcc,</span> 
     </span>
    </p>

    <p class='ocr_par' dir='ltr' id='par_1_7' title="bbox 359 1702 1176 1901">
     <span class='ocr_line' id='line_1_13' title="bbox 361 1702 1137 1773; baseline 0.001 -3"><span class='ocrx_word' id='word_1_79' title='bbox 361 1710 401 1770; x_wconf 88' lang='lat' dir='ltr'>Et</span> <span class='ocrx_word' id='word_1_80' title='bbox 411 1708 511 1771; x_wconf 86' lang='lat' dir='ltr'>viridi</span> <span class='ocrx_word' id='word_1_81' title='bbox 523 1710 638 1771; x_wconf 87' lang='lat' dir='ltr'>sedere</span> <span class='ocrx_word' id='word_1_82' title='bbox 647 1709 731 1773; x_wconf 80' lang='lat' dir='ltr'><strong>solo.</strong></span> <span class='ocrx_word' id='word_1_83' title='bbox 744 1707 832 1771; x_wconf 90' lang='lat' dir='ltr'>Tum</span> <span class='ocrx_word' id='word_1_84' title='bbox 850 1702 1027 1771; x_wconf 77' lang='lat' dir='ltr'>maxumus</span> <span class='ocrx_word' id='word_1_85' title='bbox 1037 1708 1137 1772; x_wconf 79' lang='lat' dir='ltr'>beros</span> 
     </span>
     <span class='ocr_line' id='line_1_14' title="bbox 359 1810 1176 1901; baseline -0.001 -26"><span class='ocrx_word' id='word_1_86' title='bbox 359 1814 528 1876; x_wconf 77' lang='lat' dir='ltr'>Maternus</span> <span class='ocrx_word' id='word_1_87' title='bbox 545 1811 695 1901; x_wconf 85' lang='lat' dir='ltr'>agnoscit</span> <span class='ocrx_word' id='word_1_88' title='bbox 711 1810 799 1895; x_wconf 74' lang='lat' dir='ltr'>avit,</span> <span class='ocrx_word' id='word_1_89' title='bbox 816 1812 987 1893; x_wconf 81' lang='lat' dir='ltr'>laetusque</span> <span class='ocrx_word' id='word_1_90' title='bbox 1003 1820 1176 1895; x_wconf 81' lang='lat' dir='ltr'><strong>precatur:</strong></span> 
     </span>
    </p>

    <p class='ocr_par' dir='ltr' id='par_1_8' title="bbox 356 1913 1313 2320">
     <span class='ocr_line' id='line_1_15' title="bbox 359 1913 1265 1999; baseline 0.002 -19"><span class='ocrx_word' id='word_1_91' title='bbox 359 1917 434 1980; x_wconf 73' lang='lat' dir='ltr'>Este</span> <span class='ocrx_word' id='word_1_92' title='bbox 444 1917 560 1999; x_wconf 84' lang='lat' dir='ltr'>duces,</span> <span class='ocrx_word' id='word_1_93' title='bbox 574 1934 614 1994; x_wconf 89' lang='lat' dir='ltr'>c,</span> <span class='ocrx_word' id='word_1_94' title='bbox 627 1916 732 1999; x_wconf 86' lang='lat' dir='ltr'>siqua</span> <span class='ocrx_word' id='word_1_95' title='bbox 741 1913 798 1979; x_wconf 83' lang='lat' dir='ltr'>via</span> <span class='ocrx_word' id='word_1_96' title='bbox 808 1925 871 1999; x_wconf 85' lang='lat' dir='ltr'>est,</span> <span class='ocrx_word' id='word_1_97' title='bbox 884 1934 1086 1997; x_wconf 81' lang='lat' dir='ltr'>cursumque</span> <span class='ocrx_word' id='word_1_98' title='bbox 1095 1936 1157 1999; x_wconf 86' lang='lat' dir='ltr'>per</span> <span class='ocrx_word' id='word_1_99' title='bbox 1167 1934 1265 1981; x_wconf 73' lang='lat' dir='ltr'>auras</span> 
     </span>
     <span class='ocr_line' id='line_1_16' title="bbox 358 2022 1313 2111; baseline -0.001 -24"><span class='ocrx_word' id='word_1_100' title='bbox 358 2023 501 2111; x_wconf 84' lang='lat' dir='ltr'>Dirigite</span> <span class='ocrx_word' id='word_1_101' title='bbox 512 2022 548 2086; x_wconf 88' lang='lat' dir='ltr'>in</span> <span class='ocrx_word' id='word_1_102' title='bbox 559 2026 669 2106; x_wconf 76' lang='lat' dir='ltr'>lucos,</span> <span class='ocrx_word' id='word_1_103' title='bbox 683 2022 745 2087; x_wconf 91' lang='lat' dir='ltr'>ubi</span> <span class='ocrx_word' id='word_1_104' title='bbox 756 2022 918 2111; x_wconf 79' lang='lat' dir='ltr'>pinguem</span> <span class='ocrx_word' id='word_1_105' title='bbox 935 2022 1028 2087; x_wconf 84' lang='lat' dir='ltr'>dives</span> <span class='ocrx_word' id='word_1_106' title='bbox 1044 2035 1165 2107; x_wconf 86' lang='lat' dir='ltr'>opacat</span> <span class='ocrx_word' id='word_1_107' title='bbox 1264 2025 1313 2108; x_wconf 79' lang='lat'>195·</span> 
     </span>
     <span class='ocr_line' id='line_1_17' title="bbox 356 2128 1283 2213; baseline 0 -18"><span class='ocrx_word' id='word_1_108' title='bbox 356 2132 484 2195; x_wconf 79' lang='lat' dir='ltr'>Remus</span> <span class='ocrx_word' id='word_1_109' title='bbox 496 2131 649 2193; x_wconf 88' lang='lat' dir='ltr'>humum.</span> <span class='ocrx_word' id='word_1_110' title='bbox 662 2130 798 2212; x_wconf 78' lang='lat' dir='ltr'>Tuque,</span> <span class='ocrx_word' id='word_1_111' title='bbox 817 2149 854 2211; x_wconf 88' lang='lat' dir='ltr'>o,</span> <span class='ocrx_word' id='word_1_112' title='bbox 867 2128 976 2193; x_wconf 76' lang='lat' dir='ltr'>dubiis</span> <span class='ocrx_word' id='word_1_113' title='bbox 994 2150 1038 2195; x_wconf 90' lang='lat' dir='ltr'>ne</span> <span class='ocrx_word' id='word_1_114' title='bbox 1055 2128 1162 2195; x_wconf 84' lang='lat' dir='ltr'>defice</span> <span class='ocrx_word' id='word_1_115' title='bbox 1175 2132 1283 2213; x_wconf 83' lang='lat' dir='ltr'>rebus,</span> 
     </span>
     <span class='ocr_line' id='line_1_18' title="bbox 357 2230 1088 2320; baseline 0 -21"><span class='ocrx_word' id='word_1_116' title='bbox 357 2234 443 2299; x_wconf 85' lang='lat' dir='ltr'>Diva</span> <span class='ocrx_word' id='word_1_117' title='bbox 452 2255 583 2319; x_wconf 85' lang='lat' dir='ltr'>parens.</span> <span class='ocrx_word' id='word_1_118' title='bbox 599 2232 655 2299; x_wconf 86' lang='lat' dir='ltr'>Sic</span> <span class='ocrx_word' id='word_1_119' title='bbox 670 2230 788 2298; x_wconf 82' lang='lat' dir='ltr'>effatus</span> <span class='ocrx_word' id='word_1_120' title='bbox 799 2232 940 2320; x_wconf 76' lang='lat' dir='ltr'>vestigia</span> <span class='ocrx_word' id='word_1_121' title='bbox 954 2234 1088 2318; x_wconf 53' lang='lat' dir='ltr'>pressim</span> 
     </span>
    </p>

    <p class='ocr_par' dir='ltr' id='par_1_9' title="bbox 352 2342 1378 2952">
     <span class='ocr_line' id='line_1_19' title="bbox 357 2342 1378 2432; baseline -0.004 -23"><span class='ocrx_word' id='word_1_122' title='bbox 357 2345 546 2409; x_wconf 76' lang='lat' dir='ltr'>observans</span> <span class='ocrx_word' id='word_1_123' title='bbox 558 2358 645 2425; x_wconf 84' lang='lat' dir='ltr'>quae</span> <span class='ocrx_word' id='word_1_124' title='bbox 655 2342 752 2431; x_wconf 82' lang='lat' dir='ltr'>signa</span> <span class='ocrx_word' id='word_1_125' title='bbox 765 2342 890 2423; x_wconf 81' lang='lat' dir='ltr'>ierant,</span> <span class='ocrx_word' id='word_1_126' title='bbox 901 2358 970 2421; x_wconf 87' lang='lat' dir='ltr'>quo</span> <span class='ocrx_word' id='word_1_127' title='bbox 981 2343 1118 2407; x_wconf 85' lang='lat' dir='ltr'>tendere</span> <span class='ocrx_word' id='word_1_128' title='bbox 1130 2348 1276 2432; x_wconf 78' lang='lat' dir='ltr'><strong>pergant.</strong></span> <span class='ocrx_word' id='word_1_129' title='bbox 1377 2377 1378 2380; x_wconf 16' lang='grc' dir='ltr'><strong>κ</strong></span> 
     </span>
     <span class='ocr_line' id='line_1_20' title="bbox 355 2448 1085 2533; baseline -0.004 -19"><span class='ocrx_word' id='word_1_130' title='bbox 355 2454 529 2515; x_wconf 81' lang='lat' dir='ltr'><strong>Pascentes</strong></span> <span class='ocrx_word' id='word_1_131' title='bbox 537 2448 615 2512; x_wconf 88' lang='lat' dir='ltr'>illae</span> <span class='ocrx_word' id='word_1_132' title='bbox 628 2456 757 2511; x_wconf 88' lang='lat' dir='ltr'>tantum</span> <span class='ocrx_word' id='word_1_133' title='bbox 773 2448 909 2530; x_wconf 89' lang='lat' dir='ltr'>prodire</span> <span class='ocrx_word' id='word_1_134' title='bbox 922 2450 1085 2533; x_wconf 76' lang='lat' dir='ltr'>votando,</span> 
     </span>
     <span class='ocr_line' id='line_1_21' title="bbox 355 2552 1229 2639; baseline 0 -24"><span class='ocrx_word' id='word_1_135' title='bbox 355 2557 528 2639; x_wconf 75' lang='lat' dir='ltr'>Quantum</span> <span class='ocrx_word' id='word_1_136' title='bbox 542 2552 612 2615; x_wconf 85' lang='lat' dir='ltr'>acic</span> <span class='ocrx_word' id='word_1_137' title='bbox 624 2561 759 2635; x_wconf 86' lang='lat' dir='ltr'>possent</span> <span class='ocrx_word' id='word_1_138' title='bbox 776 2552 867 2617; x_wconf 89' lang='lat' dir='ltr'>oculi</span> <span class='ocrx_word' id='word_1_139' title='bbox 880 2571 1012 2617; x_wconf 81' lang='lat' dir='ltr'>servare</span> <span class='ocrx_word' id='word_1_140' title='bbox 1023 2559 1229 2634; x_wconf 84' lang='lat' dir='ltr'>sequentum.</span> 
     </span>
     <span class='ocr_line' id='line_1_22' title="bbox 353 2656 1238 2743; baseline -0.003 -23"><span class='ocrx_word' id='word_1_141' title='bbox 353 2659 451 2740; x_wconf 87' lang='lat' dir='ltr'>Inde,</span> <span class='ocrx_word' id='word_1_142' title='bbox 467 2657 528 2721; x_wconf 90' lang='lat' dir='ltr'>ubi</span> <span class='ocrx_word' id='word_1_143' title='bbox 539 2674 660 2723; x_wconf 85' lang='lat' dir='ltr'>venere</span> <span class='ocrx_word' id='word_1_144' title='bbox 674 2660 719 2720; x_wconf 85' lang='lat' dir='ltr'>ad</span> <span class='ocrx_word' id='word_1_145' title='bbox 728 2658 840 2721; x_wconf 76' lang='lat' dir='ltr'>fauces</span> <span class='ocrx_word' id='word_1_146' title='bbox 854 2656 1077 2743; x_wconf 77' lang='lat' dir='ltr'>graveolentis</span> <span class='ocrx_word' id='word_1_147' title='bbox 1094 2656 1238 2736; x_wconf 82' lang='lat' dir='ltr'>Averni,</span> 
     </span>
     <span class='ocr_line' id='line_1_23' title="bbox 352 2756 1219 2847; baseline -0.002 -20"><span class='ocrx_word' id='word_1_148' title='bbox 352 2765 492 2827; x_wconf 88' lang='lat' dir='ltr'>Tollunt</span> <span class='ocrx_word' id='word_1_149' title='bbox 500 2785 534 2829; x_wconf 88' lang='lat' dir='ltr'>se</span> <span class='ocrx_word' id='word_1_150' title='bbox 545 2756 683 2847; x_wconf 61' lang='lat' dir='ltr'>celerem</span> <span class='ocrx_word' id='word_1_151' title='bbox 696 2763 931 2845; x_wconf 84' lang='lat' dir='ltr'>liquidumque</span> <span class='ocrx_word' id='word_1_152' title='bbox 939 2783 1001 2847; x_wconf 83' lang='lat' dir='ltr'>per</span> <span class='ocrx_word' id='word_1_153' title='bbox 1013 2767 1091 2826; x_wconf 86' lang='lat' dir='ltr'>a‘e&#39;ra</span> <span class='ocrx_word' id='word_1_154' title='bbox 1104 2764 1219 2845; x_wconf 88' lang='lat' dir='ltr'>lapsae</span> 
     </span>
     <span class='ocr_line' id='line_1_24' title="bbox 353 2862 1184 2952; baseline 0.001 -25"><span class='ocrx_word' id='word_1_155' title='bbox 353 2864 494 2927; x_wconf 84' lang='lat' dir='ltr'>Sedibus</span> <span class='ocrx_word' id='word_1_156' title='bbox 505 2866 625 2948; x_wconf 85' lang='lat' dir='ltr'>optatis</span> <span class='ocrx_word' id='word_1_157' title='bbox 640 2863 795 2952; x_wconf 85' lang='lat' dir='ltr'>geminae</span> <span class='ocrx_word' id='word_1_158' title='bbox 807 2883 907 2946; x_wconf 76' lang='lat' dir='ltr'>super</span> <span class='ocrx_word' id='word_1_159' title='bbox 922 2866 1042 2927; x_wconf 87' lang='lat' dir='ltr'>arbore</span> <span class='ocrx_word' id='word_1_160' title='bbox 1051 2862 1184 2928; x_wconf 84' lang='lat' dir='ltr'>sidunt:</span> 
     </span>
    </p>

    <p class='ocr_par' dir='ltr' id='par_1_10' title="bbox 299 2968 1142 3163">
     <span class='ocr_line' id='line_1_25' title="bbox 299 2968 1142 3054; baseline 0.001 -22"><span class='ocrx_word' id='word_1_161' title='bbox 299 3036 301 3040; x_wconf 70' lang='grc'>,</span> <span class='ocrx_word' id='word_1_162' title='bbox 352 2968 505 3033; x_wconf 85' lang='lat' dir='ltr'>Discolor</span> <span class='ocrx_word' id='word_1_163' title='bbox 514 2972 605 3032; x_wconf 88' lang='lat' dir='ltr'>unde</span> <span class='ocrx_word' id='word_1_164' title='bbox 619 2972 693 3033; x_wconf 89' lang='lat' dir='ltr'>auri</span> <span class='ocrx_word' id='word_1_165' title='bbox 704 2992 766 3054; x_wconf 87' lang='lat' dir='ltr'>per</span> <span class='ocrx_word' id='word_1_166' title='bbox 777 2990 889 3034; x_wconf 78' lang='lat' dir='ltr'>ramos</span> <span class='ocrx_word' id='word_1_167' title='bbox 905 2990 986 3034; x_wconf 88' lang='lat' dir='ltr'>aura</span> <span class='ocrx_word' id='word_1_168' title='bbox 1002 2970 1142 3035; x_wconf 81' lang='lat' dir='ltr'>refulsit.</span> 
     </span>
     <span class='ocr_line' id='line_1_26' title="bbox 352 3074 1106 3163; baseline 0.003 -26"><span class='ocrx_word' id='word_1_169' title='bbox 352 3076 460 3159; x_wconf 77' lang='lat' dir='ltr'>Quale</span> <span class='ocrx_word' id='word_1_170' title='bbox 469 3077 554 3139; x_wconf 85' lang='lat' dir='ltr'>solet</span> <span class='ocrx_word' id='word_1_171' title='bbox 565 3074 657 3141; x_wconf 80' lang='lat' dir='ltr'>silvis</span> <span class='ocrx_word' id='word_1_172' title='bbox 673 3075 820 3141; x_wconf 87' lang='lat' dir='ltr'>brumali</span> <span class='ocrx_word' id='word_1_173' title='bbox 834 3077 962 3163; x_wconf 80' lang='lat' dir='ltr'>frigore</span> <span class='ocrx_word' id='word_1_174' title='bbox 978 3076 1106 3141; x_wconf 76' lang='lat' dir='ltr'>viscum</span> 
     </span>
    </p>
   </div>
   <div class='ocr_carea' id='block_1_5' title="bbox 234 3178 1242 3267">
    <p class='ocr_par' dir='ltr' id='par_1_11' title="bbox 234 3178 1242 3267">
     <span class='ocr_line' id='line_1_27' title="bbox 234 3178 1242 3267; baseline 0.013 -30"><span class='ocrx_word' id='word_1_175' title='bbox 234 3244 237 3251; x_wconf 54' lang='grc'><strong>,</strong></span> <span class='ocrx_word' id='word_1_176' title='bbox 351 3178 482 3242; x_wconf 88' lang='lat' dir='ltr'>Fronde</span> <span class='ocrx_word' id='word_1_177' title='bbox 490 3178 600 3244; x_wconf 83' lang='lat' dir='ltr'>virere</span> <span class='ocrx_word' id='word_1_178' title='bbox 609 3200 714 3263; x_wconf 82' lang='lat' dir='ltr'>nova,</span> <span class='ocrx_word' id='word_1_179' title='bbox 728 3185 820 3263; x_wconf 91' lang='lat' dir='ltr'>quod</span> <span class='ocrx_word' id='word_1_180' title='bbox 830 3203 898 3246; x_wconf 90' lang='lat' dir='ltr'>nou</span> <span class='ocrx_word' id='word_1_181' title='bbox 907 3203 968 3248; x_wconf 86' lang='lat' dir='ltr'>sua</span> <span class='ocrx_word' id='word_1_182' title='bbox 978 3182 1122 3248; x_wconf 82' lang='lat' dir='ltr'>seminat</span> <span class='ocrx_word' id='word_1_183' title='bbox 1130 3185 1242 3267; x_wconf 74' lang='lat' dir='ltr'>arbos,</span> 
     </span>
    </p>
   </div>
   <div class='ocr_carea' id='block_1_6' title="bbox 349 3282 1191 3481">
    <p class='ocr_par' dir='ltr' id='par_1_12' title="bbox 349 3282 1191 3481">
     <span class='ocr_line' id='line_1_28' title="bbox 350 3282 1118 3353; baseline 0.012 -11"><span class='ocrx_word' id='word_1_184' title='bbox 350 3282 392 3345; x_wconf 83' lang='lat' dir='ltr'>Et</span> <span class='ocrx_word' id='word_1_185' title='bbox 409 3303 527 3348; x_wconf 87' lang='lat' dir='ltr'>croceo</span> <span class='ocrx_word' id='word_1_186' title='bbox 542 3284 611 3349; x_wconf 85' lang='lat' dir='ltr'>fetu</span> <span class='ocrx_word' id='word_1_187' title='bbox 623 3285 733 3350; x_wconf 75' lang='lat' dir='ltr'>teretis</span> <span class='ocrx_word' id='word_1_188' title='bbox 744 3286 952 3352; x_wconf 84' lang='lat' dir='ltr'>circumdare</span> <span class='ocrx_word' id='word_1_189' title='bbox 968 3298 1118 3353; x_wconf 84' lang='lat' dir='ltr'>truncos:</span> 
     </span>
     <span class='ocr_line' id='line_1_29' title="bbox 349 3391 1191 3481; baseline 0.013 -28"><span class='ocrx_word' id='word_1_190' title='bbox 349 3391 440 3455; x_wconf 83' lang='lat' dir='ltr'>Talis</span> <span class='ocrx_word' id='word_1_191' title='bbox 453 3403 524 3457; x_wconf 85' lang='lat' dir='ltr'>crat</span> <span class='ocrx_word' id='word_1_192' title='bbox 538 3392 662 3478; x_wconf 83' lang='lat' dir='ltr'>species</span> <span class='ocrx_word' id='word_1_193' title='bbox 678 3394 754 3458; x_wconf 85' lang='lat' dir='ltr'>auri</span> <span class='ocrx_word' id='word_1_194' title='bbox 765 3394 952 3461; x_wconf 74' lang='lat' dir='ltr'>frondentis</span> <span class='ocrx_word' id='word_1_195' title='bbox 965 3416 1072 3481; x_wconf 90' lang='lat' dir='ltr'>opaca</span> <span class='ocrx_word' id='word_1_196' title='bbox 1188 3437 1191 3444; x_wconf 71' lang='grc'><strong><em>«</em></strong></span> 
     </span>
    </p>
   </div>
   <div class='ocr_carea' id='block_1_7' title="bbox 348 3498 1203 3697">
    <p class='ocr_par' dir='ltr' id='par_1_13' title="bbox 348 3498 1203 3697">
     <span class='ocr_line' id='line_1_30' title="bbox 348 3498 1071 3587; baseline 0.01 -26"><span class='ocrx_word' id='word_1_197' title='bbox 348 3498 447 3580; x_wconf 86' lang='lat' dir='ltr'>Ilicc;</span> <span class='ocrx_word' id='word_1_198' title='bbox 463 3502 509 3567; x_wconf 79' lang='lat' dir='ltr'>sic</span> <span class='ocrx_word' id='word_1_199' title='bbox 520 3502 589 3565; x_wconf 88' lang='lat' dir='ltr'>leui</span> <span class='ocrx_word' id='word_1_200' title='bbox 601 3502 808 3587; x_wconf 81' lang='lat' dir='ltr'>crepitabant</span> <span class='ocrx_word' id='word_1_201' title='bbox 818 3498 951 3570; x_wconf 85' lang='lat' dir='ltr'>bractea</span> <span class='ocrx_word' id='word_1_202' title='bbox 961 3516 1071 3570; x_wconf 76' lang='lat' dir='ltr'>vento.</span> 
     </span>
     <span class='ocr_line' id='line_1_31' title="bbox 349 3601 1203 3697; baseline 0.013 -35"><span class='ocrx_word' id='word_1_203' title='bbox 349 3601 497 3685; x_wconf 83' lang='lat' dir='ltr'>Corripit</span> <span class='ocrx_word' id='word_1_204' title='bbox 508 3606 637 3671; x_wconf 80' lang='lat' dir='ltr'>Aeneas</span> <span class='ocrx_word' id='word_1_205' title='bbox 650 3611 835 3693; x_wconf 86' lang='lat' dir='ltr'>extemplo,</span> <span class='ocrx_word' id='word_1_206' title='bbox 855 3612 1040 3693; x_wconf 82' lang='lat' dir='ltr'>avidusque</span> <span class='ocrx_word' id='word_1_207' title='bbox 1048 3609 1203 3697; x_wconf 76' lang='lat' dir='ltr'>refringit</span> 
     </span>
    </p>
   </div>
   <div class='ocr_carea' id='block_1_8' title="bbox 348 3698 1204 3884">
    <p class='ocr_par' dir='ltr' id='par_1_14' title="bbox 348 3698 1204 3884">
     <span class='ocr_line' id='line_1_32' title="bbox 348 3698 1204 3798; baseline 0.006 -29"><span class='ocrx_word' id='word_1_208' title='bbox 348 3698 582 3793; x_wconf 74' lang='lat' dir='ltr'>Cunctantem,</span> <span class='ocrx_word' id='word_1_209' title='bbox 598 3720 632 3774; x_wconf 85' lang='lat' dir='ltr'>et</span> <span class='ocrx_word' id='word_1_210' title='bbox 646 3712 732 3780; x_wconf 77' lang='lat' dir='ltr'>vatis</span> <span class='ocrx_word' id='word_1_211' title='bbox 744 3723 855 3798; x_wconf 89' lang='lat' dir='ltr'>portat</span> <span class='ocrx_word' id='word_1_212' title='bbox 869 3718 932 3779; x_wconf 79' lang='lat' dir='ltr'>sub</span> <span class='ocrx_word' id='word_1_213' title='bbox 947 3722 1032 3780; x_wconf 85' lang='lat' dir='ltr'>tecta</span> <span class='ocrx_word' id='word_1_214' title='bbox 1045 3713 1204 3797; x_wconf 82' lang='lat' dir='ltr'>Sibyllae.</span> 
     </span>
     <span class='ocr_line' id='line_1_33' title="bbox 388 3813 1197 3884; baseline 0.006 -10"><span class='ocrx_word' id='word_1_215' title='bbox 388 3814 418 3874; x_wconf 85' lang='lat' dir='ltr'>N</span> <span class='ocrx_word' id='word_1_216' title='bbox 419 3833 456 3877; x_wconf 87' lang='lat' dir='ltr'>ec</span> <span class='ocrx_word' id='word_1_217' title='bbox 470 3813 583 3883; x_wconf 82' lang='lat' dir='ltr'>miuus</span> <span class='ocrx_word' id='word_1_218' title='bbox 595 3816 722 3882; x_wconf 85' lang='lat' dir='ltr'>interca</span> <span class='ocrx_word' id='word_1_219' title='bbox 737 3818 904 3884; x_wconf 76' lang='lat' dir='ltr'>Misenum</span> <span class='ocrx_word' id='word_1_220' title='bbox 916 3820 954 3882; x_wconf 90' lang='lat' dir='ltr'>in</span> <span class='ocrx_word' id='word_1_221' title='bbox 966 3820 1064 3883; x_wconf 87' lang='lat' dir='ltr'>litore</span> <span class='ocrx_word' id='word_1_222' title='bbox 1076 3816 1197 3881; x_wconf 85' lang='lat' dir='ltr'>Teucri</span> 
     </span>
    </p>
   </div>
   <div class='ocr_carea' id='block_1_9' title="bbox 0 0 1410 4817">
    <p class='ocr_par' dir='ltr' id='par_1_15' title="bbox 0 0 1410 4817">
     <span class='ocr_line' id='line_1_34' title="bbox 0 0 1410 4817; baseline 0 6"><span class='ocrx_word' id='word_1_223' title='bbox 0 0 1410 4817; x_wconf 95' lang='lat' dir='ltr'> </span> 
     </span>
    </p>
   </div>
  </div>
 </body>
</html>
