2809 4817
347 347 655 415 n1ssnv1.
695 346 799 411 sss.
997 351 1054 429 14⁵

99 498 231 565 sednon
245 502 279 563 et
293 496 556 577 remeserolent.
573 493 680 579 Bella,
691 494 831 559 horrida
843 494 950 579 belia,
1005 571 1010 580 ⁸

99 576 308 685 EtThybrim
322 604 430 666 multo
440 613 651 687 spumantem
666 601 829 695 sanguine
848 621 961 667 cerno.

101 710 166 773 Non
174 707 295 773 Simois
308 707 385 791 tibi,
404 728 466 771 nec
476 710 644 793 Xanthus,
662 728 725 773 nec
741 710 866 773 Dorica
876 720 984 776 castra

101 815 273 878 Defuerint.
290 814 384 893 Alius
400 814 496 879 Latio
510 814 578 879 iam
594 828 708 900 partus
721 817 886 902 Achilles,
994 814 1001 834 ¹

101 916 191 981 Natus
205 926 237 981 et
251 916 325 1001 ipse
337 920 418 981 Dea.
438 920 505 994 Nec
523 919 660 989 Teucris
676 905 790 985 addita
806 923 894 987 Iuno

103 1020 374 1101 Usquammberit.
387 1023 472 1085 Cum
487 1033 520 1085 tu
536 1025 677 1109 supplex
693 1020 731 1089 in
744 1029 844 1091 rebus
855 1027 971 1114 egenis
1029 1070 1032 1077 ·

104 1125 182 1208 Quas
191 1124 299 1211 gentis
309 1122 443 1207 Italism,
460 1136 517 1191 aut
527 1148 608 1211 quas
616 1150 686 1193 non
697 1131 843 1195 oraveris
854 1134 964 1199 urbis!

105 1233 198 1295 Causa
209 1232 291 1310 mali
301 1232 386 1297 tanti
399 1234 520 1299 coniux
533 1235 669 1322 iterum,
680 1240 812 1325 hospita
824 1242 976 1328 Teucris,

104 1341 591 1424 Externiqueiterumthalaml.
992 1417 999 1432 ,1

105 1446 201 1511 Tune
218 1448 299 1513 cede
315 1445 422 1509 malist
444 1448 502 1511 sed
522 1459 637 1511 contra
654 1447 831 1513 audentior
848 1448 917 1534 ito,

105 1553 168 1637 Qua
180 1560 235 1617 tua
249 1562 280 1616 tc
290 1552 436 1617 Fortuna
445 1552 542 1618 sinet.
558 1553 622 1619 Via
636 1553 748 1638 prima
763 1555 893 1638 salutis,

106 1659 192 1743 Quod
204 1657 343 1729 mininse
360 1659 458 1743 reris,
477 1658 578 1723 Graia
588 1662 754 1744 pandetur
770 1663 819 1730 ab⁴
829 1665 925 1727 urbe.
944 1731 947 1738 ,

138 1760 269 1826 Talibus
285 1782 327 1827 ex
343 1762 447 1845 adyto
468 1761 563 1827 dictis
581 1765 726 1827 Cumaea
739 1763 869 1848 Sibylla

105 1864 286 1931 Hos-tendas
297 1867 386 1931 canit
400 1868 572 1955 ambages,
593 1877 757 1951 antroque
775 1868 938 1956 remugit,
979 1870 983 1877 '

108 1970 252 2037 Obscuris
265 1990 346 2035 vera
357 1970 605 2065 involvenssea
620 1974 715 2039 frena
733 1973 859 2037 furenti
1001 1994 1063 2039 roo

106 2076 261 2161 concutit,
281 2087 314 2142 et
332 2075 483 2142 stimulos
493 2079 554 2141 sub
565 2088 699 2162 pectore
712 2076 810 2139 vertit
824 2075 973 2159 spolies

105 2184 141 2247 Ut
149 2184 293 2269 primum
310 2184 404 2251 cessit
419 2186 531 2267 furor,
545 2196 578 2249 et
595 2185 713 2248 rabida
728 2204 787 2246 ora
798 2184 972 2264 quierunts

105 2290 215 2376 lncipit
227 2273 355 2377 Aeneas
364 2294 480 2355 heros:
498 2293 573 2353 Non
589 2291 660 2353 ulla
676 2290 851 2369 laborum,

107 2395 253 2484 Orirgo,
271 2415 360 2471 nova
374 2389 422 2459 mi
440 2395 539 2477 facies
556 2394 738 2479 inopinave
750 2394 868 2481 surgit.

108 2500 217 2564 Omnia
226 2502 399 2585 praecepi,
415 2500 637 2582 atqueaninw
647 2496 1001 2585 mecumanteperegi.

108 2606 206 2669 Unum
219 2625 295 2669 oros
315 2608 449 2688 quando
463 2597 520 2671 hic
529 2604 652 2670 inferni
665 2605 766 2669 ianua
776 2602 865 2690 regis

107 2708 235 2794 Dicitur,
252 2720 285 2775 et
296 2712 468 2774 tenebrosa
476 2712 573 2793 palus
585 2710 772 2773 Acheronte
780 2708 911 2786 relus05

108 2812 151 2877 Ire
163 2818 203 2879 ad
216 2826 431 2902 conspectum
445 2815 514 2879 cari
529 2814 689 2903 genitoris
709 2824 743 2898 et
761 2834 822 2878 ora
986 2806 989 2812 ’

109 2918 290 3008 Contingat,
306 2922 425 2983 doceas
435 2920 513 3002 iter„
531 2930 564 2983 et
581 2939 675 2985 sacre
692 2917 775 2984 ostia
789 2922 927 3002 pandas.

108 3022 196 3089 illum
208 3045 271 3115 ego
284 3046 346 3111 per
357 3028 522 3109 flammas,
539 3036 571 3091 et
585 3026 677 3105 mille
691 3026 864 3107 sequentia
880 3030 962 3113 tela,

35 3129 40 3148 ¹
109 3127 211 3213 Eripui
225 3132 277 3196 his
286 3133 461 3216 ¹humoris,
477 3132 655 3215 medioque
666 3153 707 3195 ex
722 3134 816 3195 hoste
831 3133 942 3217 recepi
956 3156 966 3211 3

109 3230 176 3315 lile,
187 3256 300 3315 meum
312 3236 487 3300 comitetus
498 3235 579 3318 iter,
595 3234 702 3297 marin
719 3235 835 3311 omnia
851 3256 984 3300 mecum

109 3339 204 3420 Atque
220 3342 330 3421 omnis
350 3342 528 3430 pelagique
541 3341 650 3405 minas
664 3341 815 3424 coelique
829 3342 956 3405 ferebat

111 3438 285 3531 Invalidus,
299 3448 387 3513 vires
400 3449 488 3511 ultra
499 3457 689 3528 sortemque
705 3457 867 3511 senectae.

113 3545 205 3632 Quin,
217 3560 254 3613 ut
265 3562 298 3614 te
309 3554 450 3637 supplex
462 3562 622 3637 peterem,
638 3563 670 3615 ct
685 3551 872 3616 tualimina
884 3550 1026 3637 adirem,

112 3646 191 3715 Idem
200 3674 301 3733 orans
311 3660 468 3723 mandata
479 3653 588 3725 dabat.
607 3657 774 3741 Gnatique
787 3659 975 3744 patrisque,

31 3834 32 3843 ,
113 3758 934 3855 Alma,precor‚miserere:potesnamqueomniq
947 3770 1052 3832 necte

165 3868 250 3943 Virgil.
268 3872 294 3925 V
292 3876 327 3927 ol.
344 3874 379 3927 ll·
462 3904 467 3912 ·
842 3890 874 3928 ω
