2809 4817
359 382 418 449 rte
663 379 1021 443 tuumnos
1162 382 1281 465 equ.
1371 399 1372 414 ÷

356 526 574 611 Deiphobum
591 521 692 605 vidit,
705 524 854 588 lacerum
870 523 1052 588 crudeliter
1066 544 1147 609 ora,

357 634 427 697 Ora
438 650 623 715 manusque
632 634 760 713 ambas,
775 632 999 715 populataque
1010 642 1162 716 tempora
1171 630 1273 718 raptis

356 734 515 818 Auribus,
534 746 565 799 et
582 744 715 799 truncas
731 734 909 810 inhonesto
920 738 1057 799 volnere
1073 736 1174 801 uaris.
1200 733 1203 738 ’

356 840 422 906 vix
435 842 518 903 adeo
536 840 674 929 agnovit
689 840 910 923 pavitantem,
927 850 961 903 et
977 841 1052 903 dira
1071 850 1239 929 tegentem

356 942 547 1029 Supplicia5
564 954 598 1009 et
614 946 701 1010 notis
718 948 898 1030 compellat
911 946 1050 1011 vocibus
1066 950 1177 1011 ultrot

356 1056 531 1139 Delphobe
541 1054 759 1137 armipotens,
771 1074 878 1141 genus
890 1055 959 1117 alto
977 1055 1175 1141 asanguine
1190 1049 1312 1139 Teucri,

357 1158 441 1244 Quis
462 1166 528 1221 tam
548 1158 691 1223 erudelis
703 1159 832 1258 optavit
845 1180 979 1223 sumere
996 1162 1144 1244 poenas?
1246 1183 1252 1195 ·

357 1265 422 1327 Cui
439 1274 565 1329 tantum
580 1267 622 1330 de
634 1275 665 1330 te
679 1266 797 1331 licuit?
811 1268 897 1331 Mihi
912 1270 1003 1331 fama
1022 1266 1181 1352 suprema

255 1407 273 1431 .
357 1374 460 1435 Nocte
471 1371 546 1436 tulit
561 1371 684 1439 fessum
694 1384 834 1449 vastate
850 1378 949 1439 caede
962 1373 1140 1463 Pelasgum

356 1478 576 1545 Procubuisse
589 1501 690 1565 super
705 1480 862 1545 confusae
875 1480 993 1567 stragis
1010 1498 1178 1545 seersum·

258 1615 260 1623 ·
357 1588 454 1652 Tunc
464 1596 597 1674 egomet
610 1589 777 1651 tumulum
786 1590 936 1685 Rhoeteo
950 1587 988 1651 in
1003 1586 1102 1651 litore
1117 1588 1253 1653 inanem

358 1694 538 1779 Constitui,
552 1704 584 1761 et
599 1715 722 1783 magna
735 1696 845 1759 Manis
860 1706 910 1759 ter
922 1714 1005 1759 voce
1015 1696 1145 1759 rocavi.

357 1806 489 1867 Nomen
499 1812 531 1866 et
538 1822 631 1866 arma
639 1804 751 1866 locum
761 1811 915 1865 servant:
932 1812 981 1884 te,
991 1802 1116 1885 antioc,
1127 1801 1262 1886 nequivi

358 1910 575 1993 Conspioere,
586 1919 618 1973 et
632 1908 741 1994 patria
755 1911 917 1973 decedens
932 1930 1058 1993 ponere
1076 1919 1173 1973 terra.

358 2016 410 2079 Ad
419 2034 504 2096 quae
515 2013 712 2078 Priamides:
724 2012 814 2077 Nihil
824 2034 846 2077 o
856 2013 927 2097 tibi,
942 2014 1059 2096 amice,
1069 2014 1239 2093 relietum

360 2120 483 2183 Omnia
495 2120 672 2202 Deiphobo
688 2119 816 2183 soluisti
829 2129 863 2183 et
878 2119 1006 2207 funeris
1020 2119 1161 2184 umbris.
1264 2118 1315 2180 iro

360 2228 424 2289 Sed
440 2249 495 2291 me
507 2228 574 2289 iata
589 2245 663 2289 mea
678 2236 712 2289 et
725 2227 833 2291 scelus
845 2225 978 2291 exitiale
992 2230 1164 2291 Lacaenae

359 2333 421 2397 His
435 2354 579 2398 mersere
588 2332 701 2399 malis:
718 2334 778 2399 illa
790 2335 873 2396 haec
886 2344 1105 2398 monumenta
1122 2332 1266 2417 reliquit.

359 2446 526 2525 Namque,
540 2452 576 2505 ut
588 2462 778 2525 supremam
795 2441 877 2503 falsa
889 2440 976 2503 inter
994 2440 1118 2527 gaudia
1134 2450 1265 2506 noctem

359 2550 550 2637 Egerimus,
565 2548 670 2626 nost1;
685 2545 717 2611 e't
732 2547 874 2610 nimium
890 2547 1081 2612 meminisse
1093 2570 1226 2613 neeesse
1240 2554 1293 2611 est.

360 2654 445 2715 Cum
460 2651 569 2715 fatalis
580 2660 686 2733 equus
695 2652 785 2715 saltu,
797 2671 896 2734 super
914 2654 1019 2715 ardua
1033 2650 1125 2715 venit

361 2758 539 2843 Pergama,
560 2764 594 2819 et
607 2764 773 2818 armatum
785 2753 933 2837 peditem
940 2754 1052 2845 gravis
1066 2745 1178 2819 attulit
1192 2758 1283 2821 alvo:

360 2863 438 2942 Illa,
452 2864 591 2924 chorum
602 2856 916 2939 simulans,evantis
926 2851 1020 2945 orgia
1036 2858 1163 2922 circum

361 2966 512 3027 Ducebat
525 2962 704 3048 Phrygias,
719 2964 886 3024 flammam
902 2964 1014 3026 media
1026 2963 1097 3047 ipsa
1115 2966 1248 3045 tenebat

360 3070 552 3157 Ingentem,
565 3077 597 3131 et
608 3088 739 3136 summa
754 3070 887 3130 Danaos
900 3090 940 3131 ex
953 3088 1029 3133 aree
1040 3071 1192 3133 vocabat.

360 3174 447 3237 Tum
462 3192 533 3253 me,
545 3172 732 3256 coniectum
748 3170 835 3235 curis
846 3191 1031 3256 somnoque
1044 3186 1237 3263 gravatum,

359 3277 481 3343 Infelix
494 3277 613 3340 habuit
631 3280 810 3361 thalamus,
828 3279 1012 3362 pressitque
1027 3250 1192 3346 iacenteni
1279 3312 1282 3318 ·

359 3385 475 3450 Dulcis
486 3395 519 3447 ut
529 3386 595 3447 alta
605 3382 715 3465 quies,
724 3383 941 3466 placidaeque
950 3382 1123 3449 simillima
1135 3385 1245 3451 morti.

359 3486 502 3575 Egregia
520 3486 646 3550 interea
661 3484 782 3548 coniux
798 3506 891 3548 arma
904 3485 1018 3549 omnia
1032 3486 1126 3551 tectis

359 3576 516 3672 Emovt'et,
527 3600 560 3653 et
571 3587 676 3671 fidum
693 3587 793 3671 capiti
808 3590 1010 3651 subduxerat
1026 3610 1158 3668 ensem3

359 3670 451 3755 tutia
466 3701 550 3755 tecta
562 3700 661 3755 vocat
675 3672 866 3755 Menelaum
877 3701 929 3773 ,et
943 3690 1062 3754 limina
1078 3689 1207 3774 pandit.

359 3794 489 3863 Scilicet
501 3796 539 3861 id
550 3816 712 3886 magnum
723 3817 861 3882 sperans
872 3796 946 3861 fore
960 3816 1083 3862 munus
1101 3791 1245 3878 amanti,
