2809 4817
352 428 412 495 ,ις
654 403 1008 513 suunrnos
1082 486 1088 505 ‚
1151 405 1282 469 usus.
1380 367 1382 417 '

261 548 263 553 ’
349 554 545 627 Armainter
557 554 697 633 nubem,
712 549 797 613 coeli
806 549 843 612 in
853 540 992 635 reginae
1005 565 1137 628 serena,
1222 597 1226 605 .

244 642 248 665 ’
350 668 414 731 Per
430 665 551 729 sudum
564 659 700 723 rutilare
717 656 849 737 vident,
863 662 897 718 et
907 652 1003 738 pulsa
1020 663 1147 717 tonaret

350 769 558 850 Obstupuere
576 762 695 829 animis
710 756 786 839 elii3
802 760 860 824 sed
872 760 996 822 Troius
1012 758 1112 821 beros

351 870 495 959 Agnovit
511 869 657 935 sonitum
680 879 712 935 et
729 867 834 933 Divae
855 864 1019 949 promissa
1037 864 1195 949 parentis.

352 980 439 1043 Turn
450 985 627 1039 memorat:
645 978 692 1037 Ne
703 992 798 1054 vero,
813 973 948 1053 hospes,
966 988 1010 1033 ne
1021 964 1144 1050 quaere
1151 972 1321 1054 prolecto,

352 1075 461 1165 'Quem
475 1097 587 1141 casum
598 1081 751 1159 portenta
759 1072 881 1149 ferant3
891 1087 953 1156 ego
965 1089 1084 1153 poscor
1095 1070 1258 1156 Olympo.

300 1172 304 1179 ’
353 1183 428 1245 Hoc
438 1178 571 1267 signum
587 1174 706 1247 cecinit
728 1172 901 1237 missuram
914 1171 1002 1235 Diva
1019 1172 1177 1257 creatrix,

352 1284 387 1349 si
407 1284 532 1354 bellum
549 1282 740 1368 ingrueret3
756 1277 983 1359 Volcaniaque
997 1294 1092 1339 arma
1100 1290 1162 1359 per
1175 1296 1276 1345 auras

354 1394 512 1455 Laturam
530 1385 669 1453 anxilio.

353 1498 429 1561 Heu
444 1502 586 1575 quantae
601 1490 731 1555 miseris
744 1490 860 1555 credes
875 1488 1094 1555 Laurentibus
1113 1488 1260 1553 instantl

281 1609 284 1619 ’
356 1602 448 1684 Quas
462 1614 587 1681 poenas
599 1592 700 1677 mihi,
717 1596 846 1678 Turne,
859 1595 971 1661 dabis!
984 1597 1203 1679 quammulta
1218 1598 1280 1661 snb

921 1704 1028 1767 undas

357 1812 456 1875 Scuta
466 1805 577 1873 virum
591 1808 768 1895 galeasque
781 1813 813 1871 et
825 1806 925 1871 fortia
941 1826 1082 1891 corpora
1097 1808 1233 1891 volves,

357 1914 488 1997 'Illybri
497 1918 609 1998 psterl
628 1918 767 1979 Poscant
778 1915 882 1998 acies,
898 1924 931 1981 et
943 1912 1077 1981 foedera
1092 1926 1264 2001 rumpant.

399 2022 491 2085 Haec
506 2018 568 2083 ubi
583 2018 671 2083 dicta
685 2018 793 2102 dedit,
812 2005 898 2085 solid
907 2040 943 2086 se
959 2018 1046 2086 tollit
1059 2022 1103 2085 ab
1119 2022 1204 2099 alt03

358 2125 400 2194 Et
412 2106 564 2208 'primum
582 2125 756 2191 Herculeis
773 2128 896 2211 sopitas
912 2126 1049 2217 ignibus
1066 2146 1140 2192 aras
1263 2128 1319 2205 54²-

358 2230 504 2310 musas,
523 2231 780 2314 hesternumque
799 2234 918 2295 Larem
938 2250 1125 2319 parvosque
1142 2230 1273 2298 Penatis

356 2336 477 2401 Laesus
491 2334 577 2403 adit:
600 2344 746 2401 mactant
757 2334 858 2401 lectas
873 2337 915 2399 de
932 2356 1025 2400 more
1041 2336 1186 2401 bidentis

359 2442 532 2509 Evandrus
544 2440 683 2525 pariter,
699 2439 826 2525 pariter
840 2440 985 2506 Troiana
1001 2438 1168 2506 iuuentus.

357 2550 436 2613 Post
447 2546 526 2610 binc
542 2536 586 2609 ad
600 2544 695 2610 navis
712 2544 879 2632 graditur,
891 2543 1064 2627 sociosque
1079 2542 1210 2610 revisit:

358 2650 510 2733 Quorum
526 2648 568 2711 de
585 2666 742 2729 numero,
758 2645 818 2728 qui
829 2666 902 2711 sese
912 2645 950 2724 in
967 2646 1058 2712 bella
1073 2656 1270 2733 sequautur,

358 2753 555 2819 Praestantis
567 2753 689 2819 virtute
703 2754 802 2840 legit:
819 2773 895 2835 pars
907 2762 1016 2821 cetera
1032 2770 1140 2836 prona

358 2860 477 2925 Fertur
484 2880 587 2945 equa,
602 2860 777 2949 segnisque
792 2859 939 2924 secundo
956 2856 1072 2924 defluit
1082 2856 1192 2943 amni,

357 2962 481 3049 Nuntia
496 2972 637 3028 venture
649 2964 790 3029 Ascanio
808 2985 988 3045 rerumque
1003 2962 1182 3049 petrisque.

360 3068 491 3131 Dantur
503 3064 729 3149 equi²l⁸eucris
744 3068 920 3152 Tyrrhena
938 3069 1128 3154 petentibus
1142 3090 1241 3150 arra3

360 3176 497 3237 Ducunt
510 3182 673 3245 exsortem
689 3177 837 3254 Aeneam
853 3197 953 3259 quem
970 3176 1065 3242 fulva
1079 3176 1188 3241 leonis

359 3284 460 3354 Pellis
473 3285 545 3355 obis
555 3292 677 3365 sotum,
693 3283 905 3373 praefulgens
920 3282 1090 3368 unguibus
1106 3279 1225 3345 aureis.

401 3388 601 3453 Famarolat
615 3404 752 3471 parvam
765 3387 876 3453 subito
892 3387 1027 3475 volgata
1040 3410 1101 3473 per
1115 3391 1250 3473 urbem,

257 3507 262 3517 “
362 3493 466 3560 Ocius
481 3492 530 3557 ire
544 3490 671 3574 equites
687 3490 856 3573 Tyrrheni
872 3492 916 3555 ad
928 3489 1048 3557 limina
1064 3491 1163 3579 regis.

360 3598 448 3663 Vota
461 3608 551 3661 metu
562 3596 733 3681 duplicant
745 3605 881 3682 matres,
899 3598 1102 3683 propiusque
1114 3595 1240 3681 periclo

149 3800 153 3807 ἱ
236 3695 262 3713 ’“
360 3702 392 3767 It
409 3700 526 3783 timor,
541 3703 821 3769 etrnaiorblartis
835 3703 902 3771 iarn
917 3714 1056 3789 apparet
1070 3705 1193 3793 imago.

246 3828 250 3839 ·
360 3807 448 3874 'sum
460 3816 555 3899 pater
570 3810 760 3899 Evandrus,
777 3811 929 3883 dextram
942 3812 1135 3897 complexus
1147 3806 1274 3893 mulis,
