2809 4817
672 102 679 137 t

360 372 399 443 ,4
556 312 561 331 ’
664 344 1019 410 Anumnos
1157 347 1288 409 ersa.

359 508 447 569 Tum
462 502 640 563 memorat:
657 494 758 575 Nate,
773 489 886 554 iliacis
897 488 1041 553 exercite
1057 487 1151 571 latis,

359 609 436 675 sola
451 601 534 666 mihi
552 600 626 663 talis
639 616 733 663 casus
742 595 927 659 Cassandra
942 594 1091 657 canebat.

358 718 454 779 Nunc
468 719 597 793 repeto,¹
616 708 700 770 haee
713 698 831 789 generi
839 700 1040 783 portendere
1048 697 1161 763 debita
1171 711 1306 782 nostro,

357 820 398 881 Et
407 834 505 897 saepe
517 809 729 893 Hesperiam,
740 825 839 889 saepe
851 806 933 867 Itala
945 823 1051 891 regna
1062 805 1196 871 vooa're'.

360 920 425 983 Sed
432 915 510 997 ,quis
522 914 566 975 ed
579 905 760 995 Hesperiae
776 914 934 969 venturos
945 905 1045 969 litora
1053 908 1202 985 Teucros

359 1020 537 1087 Crederet?
551 1026 609 1080 aut
621 1035 722 1096 quem
734 1023 805 1075 tum
814 1021 906 1076 vates
916 1015 1100 1077 &mandra
1111 1016 1287 1081 moveret?

358 1129 523 1190 Cedamus
534 1121 684 1201 Phoebo,
700 1126 734 1180 et
742 1114 865 1179 moniti
878 1110 1020 1179 meliora
1028 1134 1221 1197 aequamur.

359 1226 413 1291 Sic
431 1224 497 1287 ait:
514 1230 547 1286 et
561 1218 672 1284 cuncti
686 1212 776 1281 uitro
791 1202 1104 1299 parensisovantes.

357 1336 454 1397 Hunc
464 1350 597 1413 quoque
610 1323 792 1389 deserimus
803 1324 931 1404 aedem,
945 1322 1127 1406 paucisque
1138 1324 1267 1389 relictis

359 1439 443 1503 Vela
452 1438 582 1514 damus,
597 1438 793 1507 vastumque
802 1446 883 1489 uara
894 1429 987 1490 nahe
996 1428 1162 1493 currimus
1168 1450 1304 1511 aequor.

396 1542 573 1617 Postquam
578 1536 684 1599 altum
696 1540 933 1613 tenuereratee,
940 1532 1077 1597 neoiaru
1084 1536 1230 1617 amplius
1238 1539 1322 1599 ullae

359 1647 529 1726 Apparent
541 1632 662 1719 terrae,
675 1638 807 1701 eoelum
822 1636 971 1717 undique
981 1646 1015 1699 et
1024 1638 1173 1719 undique
1187 1651 1319 1723 pontus:
1376 1713 1377 1718 γ

359 1754 445 1815 Tum
456 1748 539 1811 mihi
552 1748 723 1810 caeruleus
731 1762 833 1825 supra
844 1753 945 1824 eaput
957 1742 1082 1807 athtitit
1092 1743 1222 1828 imber,

360 1852 841 1937 Noctemlhiememquelerenm
855 1858 888 1911 et
893 1847 1157 1913 inhorruitunda
1166 1852 1319 1917 tenebris.

361 1959 528 2027 Conlinuo
542 1960 635 2025 venti
648 1962 790 2023 volvunt
802 1976 910 2039 mare,
921 1974 1111 2043 magnaque
1123 1968 1267 2047 surgunt

360 2072 527 2147 Aequora3
541 2062 681 2147 dispersi
690 2062 853 2125 iactamur
861 2059 992 2148 gurgite
1005 2072 1110 2125 vasto.
1265 2084 1316 2147 ¹97

360 2178 534 2239 Involvere
545 2176 634 2239 diem
645 2169 768 2252 nimbi,
784 2180 817 2233 et
829 2188 899 2231 nox
909 2166 1050 2231 humida
1059 2171 1196 2239 eoelum

238 2298 243 2307 '
327 2272 330 2292 ¹
359 2286 519 2365 Abstulit3
535 2282 746 2371 ingeminant
759 2278 909 2363 abruptis
920 2278 1067 2344 nubibus
1083 2280 1191 2367 ignes.

324 2444 327 2452 .
360 2390 555 2453 Excutimur
573 2410 687 2471 eursu,
702 2399 735 2450 et
746 2386 851 2451 caecis
865 2406 1013 2448 ememus
1028 2385 1065 2448 in
1077 2374 1188 2449 ululis.

360 2498 435 2578 Ipse
452 2494 540 2557 diem
552 2503 748 2573 noctemque
757 2499 856 2577 negat
865 2488 1058 2554 disseruere
1064 2493 1176 2573 coelo,

361 2604 429 2666 Nec
444 2600 632 2664 meminisse
645 2596 720 2660 viae
735 2597 845 2670 media
859 2596 1033 2661 Palinurus
1043 2596 1081 2659 in
1091 2600 1200 2662 unda.-

240 2783 241 2787 ,
296 2748 301 2767 .-
361 2706 436 2770 Tris
452 2707 535 2767 adeo
551 2704 694 2767 incertos
710 2720 807 2763 caeca
820 2698 1059 2785 caliginemles

361 2812 517 2872 Erramus
529 2809 665 2892 pelapm
682 2804 820 2868 totidem
833 2806 905 2870 sine
920 2804 1033 2869 sidere.
1045 2790 1169 2870 noctes.
1279 2853 1285 2857 -

362 2918 489 2999 Quarto
507 2923 594 2977 terra
612 2914 667 2977 die
683 2912 830 2996 primum
848 2935 885 2977 se
897 2915 1049 2977 attollere
1067 2918 1206 2979 tandem

361 3014 458 3096 Visa,
473 3014 602 3097 aperire
618 3016 736 3095 procul
746 3013 883 3095 montis,
898 3034 937 3077 ae
948 3016 1083 3079 volvere
1092 3016 1235 3079 fumum.

362 3122 447 3187 Vela
460 3123 597 3201 cadunt3
615 3118 716 3183 remla
733 3117 951 3207 insurgimus=
966 3124 1058 3184 haud
1074 3141 1190 3204 mora,
1205 3123 1316 3183 nautae

362 3227 486 3289 Adnixi
498 3236 654 3309 torquent
663 3245 816 3309 spumas,
832 3238 864 3291 et
882 3228 1015 3291 caerula
1030 3237 1178 3295 verrunt.

362 3332 536 3393 Servatum
548 3350 589 3393 ex
599 3329 697 3393 undis
709 3329 933 3413 Strophadum
945 3352 1001 3395 me
1010 3328 1110 3395 litora
1120 3332 1268 3416 primum

363 3438 550 3521 Accipiunt.
569 3442 769 3524 Strophades
781 3443 889 3507 Graio·
897 3452 985 3507 stan't
999 3444 1138 3535 nomine
1150 3445 1276 3528 desae,

364 3549 496 3611 Insulae
505 3547 602 3613 Ionio
613 3548 649 3611 in
661 3565 804 3637 magno:
819 3572 901 3633 quas
917 3552 991 3615 dira
1000 3529 1164 3638 Celseno,

364 3652 602 3734 Harpyiaeque
621 3657 735 3718 colunt
748 3656 846 3738 uliae,
861 3657 1002 3721 Phineia
1016 3666 1193 3742 postquam

366 3758 486 3821 clama
501 3760 634 3845 domus,
651 3781 845 3847 mensasque
856 3774 947 3829 metu
962 3765 1090 3848 liquere
1105 3764 1242 3853 priores
