2809 4817
344 345 548 416 arran
587 348 814 435 x1.v..·277
1002 312 1108 437 2⁸7⁸

97 442 253 579 uppem,
269 495 302 554 et
311 489 450 557 Veneria
463 487 734 577 violarirolnem
749 494 910 559 dextram

97 602 150 663 Ne
166 618 266 679 vero,
284 617 326 659 ue
339 617 392 659 me
407 598 451 660 ad
465 572 545 663 tales
563 596 723 699 impellite
740 620 878 687 pugnas·

97 706 171 767 Nec
186 702 271 765 mihi
283 724 360 789 cum
369 702 506 772 ‚Teucris
518 703 625 766 ullum
635 712 710 787 post
721 714 816 769 eruta
827 706 954 781 bellum
1052 755 1056 772 .

98 814 280 897 Pergama3
299 830 360 873 nee
372 819 521 875 veterum
537 808 675 875 memini
685 813 831 875 laetorve
843 811 1020 878 uelorum

98 918 261 1001 Muuqra,
281 934 365 995 quae
379 913 493 998 patriis
504 914 548 977 ad
563 933 617 977 me
632 913 769 997 portatis
781 916 824 977 ab
839 912 920 1004 cris,

100 1018 233 1084 Vertite
246 1020 289 1081 ad
303 1021 448 1091 Aenean,
469 1015 624 1081 Stetimus
643 1018 981 1103 telampuaconua,
1057 1059 1060 1065 -

102 1121 381 1203 contulimusque
395 1140 529 1185 manus:
545 1132 679 1205 experto
698 1122 834 1205 credite,
851 1132 994 1207 quantus

100 1226 140 1287 ln
157 1224 305 1307 clipeum
314 1226 484 1311 adsurgat,
502 1244 568 1307 quo
579 1224 710 1289 turbine
725 1233 874 1307 torqueat
889 1227 1027 1290 hastam·
1049 1270 1057 1281 ·

101 1329 136 1393 si
147 1331 217 1391 duo
231 1317 400 1413 praeterea
413 1330 492 1394 tales
507 1330 605 1391 Idaea
626 1312 750 1393 tulisset

102 1436 208 1497 Terra
223 1427 326 1515 viro's,
341 1433 428 1497 ultro
440 1432 590 1497 Inachias
602 1433 744 1499 venisset
754 1434 799 1499 ad
808 1432 906 1499 urbes

102 1541 291 1613 Dardanus,
307 1547 340 1601 et
351 1537 453 1603 versis
463 1539 590 1626 lugeret
605 1538 744 1603 Graecia
759 1538 845 1605 fatis

103 1644 275 1731 Quidquid
288 1645 377 1727 apud
392 1645 494 1707 durae
503 1654 662 1713 cessatum
674 1655 723 1709 est
737 1644 870 1737 moenia
881 1640 1057 1736 Troiae,

104 1749 257 1815 Hectoris
270 1752 465 1832 Aeneaeque
478 1772 580 1815 manu
602 1750 740 1817 victoria
754 1748 892 1818 Graium

104 1855 237 1936 Haesit,
249 1854 330 1918 etin
349 1855 525 1919 decumum
545 1855 684 1943 vestigia
697 1855 809 1921 retulit
822 1874 977 1923 annum
1058 1913 1061 1922 .

105 1960 213 2025 Ambo
227 1959 361 2043 animis,
375 1962 474 2025 ambo
487 1962 633 2049 insignes
648 1960 889 2045 praestantibus
907 1954 1025 2027 armus

105 2066 167 2135 ffi⁰
184 2065 305 2149 Pietate
322 2065 424 2150 prior·
443 2068 568 2133 coeant
582 2067 620 2133 in
638 2066 773 2136 foedera
791 2065 948 2150 dextrae,
1000 2079 1061 2147 292

108 2173 179 2255 Qua
197 2172 313 2248 datur,
328 2180 392 2251 ast,
407 2170 508 2233 armis
521 2177 719 2253 concurrant
732 2187 842 2249 arma,
860 2173 984 2230 cavete.

106 2276 142 2339 Et
153 2294 312 2359 responsa
327 2274 427 2341 simul
442 2294 527 2356 quae
540 2274 699 2355 sint,‚re1
718 2281 872 2355 optume,
891 2268 980 2367 regis
1061 2307 1063 2312 ·

107 2380 253 2463 Audisti,
267 2390 298 2443 et
316 2380 457 2462 quaesit
474 2398 597 2467 magno
609 2376 773 2479 sententia
784 2376 885 2439 bello.

143 2484 212 2553 vix
224 2504 263 2548 ea
280 2484 401 2571 legati,
416 2482 593 2564 variusque
612 2501 744 2566 perora
760 2479 904 2545 cucurrit

107 2590 311 2656 Ausonidum
322 2591 451 2653 turbata
463 2588 602 2651 fremor:
619 2603 693 2668 ceu,
717 2586 796 2650 sara
807 2592 978 2649 morantur

108 2701 190 2781 Cum
203 2695 337 2780 rapidos
346 2696 464 2777 amuis,
479 2692 516 2757 fit
530 2694 646 2777 clauso,
654 2692 787 2779 gurgite
797 2712 966 2772 murmur,

107 2804 308 2884 vicinaeque
320 2802 466 2865 fremunt
482 2800 574 2884 ripae
593 2796 828 2893 crepitantibus
845 2793 953 2859 undis.
1066 2827 1069 2834 =
1154 2818 1161 2833 ·

108 2908 149 2969 Ut
160 2907 308 2990 primum
317 2904 436 2987 placati
448 2901 566 2984 animi,
580 2912 612 2965 et
630 2888 757 2985 trepida
767 2919 826 2965 ora
838 2898 1009 2988 quierunt,

107 3016 274 3079 Praefatur
285 3011 388 3077 Divos
400 3011 484 3077 solio
497 3033 556 3090 rex
570 3008 644 3075 infit
661 3011 703 3071 ab
725 3010 807 3074 altor

144 3120 231 3181 Ante
248 3116 401 3197 equidem
415 3133 543 3177 summa
557 3112 646 3173 dere
660 3110 826 3193 statuisse,
839 3106 963 3192 Latini,

108 3225 145 3284 Et
141 3223 295 3303 velleri,
312 3230 345 3287 et
357 3219 464 3284 suerat
477 3216 611 3295 melius,
632 3235 700 3279 non
714 3224 860 3298 tempore
873 3214 931 3277 tali

108 3334 233 3418 Cogere
246 3327 438 3417 concilium,
455 3321 531 3393 cum
544 3344 656 3416 muros
671 3323 797 3387 adsidet
813 3320 925 3386 hostis.

19 3512 20 3517 γ
108 3436 237 3502 Bellum
252 3434 499 3516 importunum,
515 3430 616 3512 cites,
632 3452 708 3523 cum
726 3440 823 3517 gente
835 3430 983 3509 Deorum
1009 3477 1014 3490 ,

19 3570 20 3625 5
108 3535 397 3623 Invictiequeuiris
409 3534 569 3623 gerimus,
587 3555 668 3615 quos
679 3536 773 3599 nulla
789 3532 927 3622 fatigant

110 3640 253 3725 Pruelia,
268 3662 328 3721 ‚nep
340 3641 418 3707 victi
429 3648 565 3725 possum
579 3638 733 3706 absistere
749 3639 870 3715 terro..⁸
899 3693 904 3704 .

19 3728 21 3757 1
112 3748 227 3841 Spem,
240 3745 269 3811 si
284 3764 384 3827 quam
398 3742 528 3815 adscitis
543 3741 697 3810 Aetolum
708 3742 868 3838 habuistis
877 3742 914 3820 iu
923 3738 1051 3832 armis,
1121 3788 1122 3792 =
