2809 4817
221 412 227 423 ,
348 274 875 438 irrrrvnc'ac,
1034 360 1162 429 so.

121 496 267 578 Haeret,
287 491 493 579 inexpletum
511 495 701 582 lacrimans,
722 516 762 563 ae
776 498 972 567 taliaislma

121 605 152 667 0
171 602 263 669 milri
282 603 476 687 praeteritos
492 604 656 679 referatsi
674 606 823 691 Iuppiter
836 611 960 673 annosi

121 705 243 791 Qualis
259 726 361 790 emm,
390 728 466 772 cum
481 709 624 795 primam
643 709 750 775 aciem
763 713 1007 779 Praeneste-sub
1020 714 1095 803 ipra

121 807 254 890 Stravi,
273 818 511 891 scutorumque·
520 808 655 875 incendi
670 810 777 874 vietor
797 829 951 892 acervos3

122 910 160 971 Et
181 929 298 995 regem
317 912 381 976 hac
394 908 548 977 Herilum
560 912 675 973 dextra
687 913 752 974 sub
769 912 908 978 Tartara
924 911 1022 995 naith

35 1026 38 1105 t
121 1016 284 1081 Nascenti
298 1016 353 1080 oui
371 1015 429 1079 tris
443 1016 573 1081 animas
586 1017 725 1085 Feronia
746 1028 853 1085 mater

123 1122 364 1205 (Horrendum
383 1120 497 1207 dictu)
515 1122 667 1204 dederat,
686 1132 780 1187 terna
800 1142 893 1191 arma
912 1126 1092 1205 movendas

123 1225 190 1287 Ter
198 1226 268 1287 leto
282 1226 479 1292 sternendus
492 1232 575 1287 erat:
593 1224 648 1289 eui
661 1235 741 1289 tunc
759 1236 871 1290 tamen
886 1227 993 1291 emnia

124 1328 269 1394 Abstulit
283 1330 369 1394 haee
379 1327 505 1393 animas
522 1330 657 1410 dextra,-
675 1340 708 1393 et
725 1328 862 1397 totidem
877 1331 968 1395 exuit
981 1326 1091 1399 arun.

124 1436 199 1497 Non
211 1416 274 1521 ego
288 1453 379 1503 nunc
394 1430 486 1496 dulci
501 1432 658 1516 amplexu
677 1432 853 1501 divellerer
871 1454 1032 1519 mquam,
1092 1440 1097 1447 '

125 1544 224 1622 Nate,
244 1552 324 1617 tuos
338 1561 450 1621 neque
468 1538 628 1605 finitimus
644 1540 824 1610 Mezentius
838 1540 958 1625 hostis,

126 1647 218 1718 Huic
231 1644 334 1731 capiti
350 1645 530 1730 insultans,
552 1657 599 1710 tot
613 1648 702 1711 ferro
718 1643 816 1720 s‘aera
828 1646 973 1714 dedisset
1035 1632 1038 1639 ¹

126 1754 276 1835 lunera,
297 1760 365 1813 tam
376 1749 488 1813 multis
504 1749 669 1815 viduasset
684 1750 813 1819 civibus
829 1754 959 1817 urbem·

127 1860 260 1939 Atros,
277 1874 299 1919 o
314 1852 449 1942 Superi,
466 1864 499 1917 et
515 1854 637 1921 Divom
656 1864 691 1919 tu
706 1856 851 1927 maxime
863 1868 970 1922 rector

127 1958 292 2045 Iuppiter,
307 1955 460 2041 Arcadii,
479 1976 621 2040 quaeso,
640 1956 840 2025 miserescite
854 1958 964 2047 regis,
1013 2016 1016 2020 .

127 2067 166 2131 Et
183 2062 309 2147 patrias
327 2058 439 2129 audite
451 2080 573 2144 preces.
594 2059 629 2124 Si
641 2060 905 2128 nominaverim
988 2089 992 2098 =
1033 2060 1092 2143 574

128 2168 336 2231 Incolumem
348 2164 499 2232 Pallanta
516 2162 615 2248 mihi,
634 2164 748 2233 sifata
757 2172 946 2247 reservant,

127 2272 161 2336 Si
177 2270 308 2335 visurus
325 2290 401 2333 eum
416 2268 513 2352 viro,
530 2279 564 2335 et
579 2268 792 2336 venturasic
805 2290 930 2335 unum:

128 2376 241 2443 Vitam
252 2395 331 2453 oro;
346 2372 454 2459 patiar
469 2371 620 2455 quemvis
634 2374 759 2437 durare
768 2372 930 2436 laborem.

129 2483 187 2551 sin
197 2482 344 2563 aliquem
354 2478 528 2547 infandum
545 2496 667 2556 casum,
697 2474 865 2555 Fortuna,
880 2471 1035 2552 minaria

129 2592 239 2671 Nunc,
256 2607 280 2650 o
292 2586 492 2653 nuneliceat
504 2585 671 2649 crudelem
684 2586 883 2665 abrumpere
896 2580 1016 2662 vitam,

130 2694 220 2757 Dum
234 2708 331 2753 curae
343 2689 534 2775 ambiguae,
551 2692 632 2751 dum
644 2710 718 2772 spes
730 2686 856 2750 incerta
869 2684 989 2767 futuri,

130 2798 220 2859 Dum
235 2802 283 2876 te,
297 2814 370 2862 care
381 2814 482 2879 puer,
492 2813 567 2863 mea
581 2812 654 2858 sera
666 2804 699 2857 et
715 2796 787 2859 sola
800 2794 969 2876 voluptas,
1072 2835 1076 2846 .

133 2905 315 2987 Complexo
329 2910 445 2981 teneo;
460 2902 594 2991 gravior
605 2924 648 2971 ne
665 2900 801 2970 nuntius
811 2899 903 2994 auris

131 3010 300 3077 Volneret.
315 3009 406 3074 Haec
416 3009 546 3095 genitor
559 3008 708 3097 digressu
721 3004 814 3076 dieta·
826 3009 983 3087 supremo

132 3116 321 3181 Fundebat:
339 3113 457 3183 famuli
474 3114 656 3197 collapsum
669 3110 707 3177 in
722 3119 807 3176 tecta
819 3107 981 3178 terebant.
1085 3171 1088 3175 ,

172 3222 309 3303 Iamque
324 3218 408 3285 adeo
421 3218 544 3297 exierat
558 3217 663 3301 portis
676 3214 840 3297 equitatus
858 3212 1001 3297 apertisa

134 3328 260 3393 Aeneas
271 3326 358 3391 inter
370 3322 498 3409 primos
508 3332 541 3387 et
557 3322 642 3389 lidus
653 3324 810 3398 Achatesa

134 3432 216 3494 Inde
233 3428 295 3493 alii
306 3427 426 3491 Troiae
444 3444 617 3511 proceres;
634 3422 707 3509 ipse
721 3421 855 3509 agmine
863 3420 971 3485 Pallas

134 3535 174 3603 In
195 3534 322 3614 medio,
340 3532 517 3615 chlamyde
536 3541 569 3595 et
583 3530 682 3617 pictis
697 3539 891 3614 conspectus
903 3527 941 3592 ln
956 3524 1073 3597 nnn:

135 3634 269 3721 Qualis,
284 3633 344 3697 ubi
363 3634 491 3698 Oceani
507 3635 658 3718 perfusus
671 3631 804 3697 Lucifer
816 3633 930 3712 unda,
956 3692 960 3700 .

136 3742 247 3829 Quem
259 3744 374 3814 Venus
386 3750 462 3809 ante
472 3742 556 3817 alios
568 3750 732 3843 astrorum
746 3736 857 3827 diligit
871 3734 976 3825 ignit,
1013 3818 1017 3823 .
